%YAML 1.1
%TAG !u! tag:unity3d.com,2011:
--- !u!29 &1
OcclusionCullingSettings:
  m_ObjectHideFlags: 0
  serializedVersion: 2
  m_OcclusionBakeSettings:
    smallestOccluder: 5
    smallestHole: 0.25
    backfaceThreshold: 100
  m_SceneGUID: 00000000000000000000000000000000
  m_OcclusionCullingData: {fileID: 0}
--- !u!104 &2
RenderSettings:
  m_ObjectHideFlags: 0
  serializedVersion: 8
  m_Fog: 0
  m_FogColor: {r: 0.5, g: 0.5, b: 0.5, a: 1}
  m_FogMode: 3
  m_FogDensity: 0.01
  m_LinearFogStart: 0
  m_LinearFogEnd: 300
  m_AmbientSkyColor: {r: 0.212, g: 0.227, b: 0.259, a: 1}
  m_AmbientEquatorColor: {r: 0.114, g: 0.125, b: 0.133, a: 1}
  m_AmbientGroundColor: {r: 0.047, g: 0.043, b: 0.035, a: 1}
  m_AmbientIntensity: 1
  m_AmbientMode: 3
  m_SubtractiveShadowColor: {r: 0.42, g: 0.478, b: 0.627, a: 1}
  m_SkyboxMaterial: {fileID: 0}
  m_HaloStrength: 0.5
  m_FlareStrength: 1
  m_FlareFadeSpeed: 3
  m_HaloTexture: {fileID: 0}
  m_SpotCookie: {fileID: 10001, guid: 0000000000000000e000000000000000, type: 0}
  m_DefaultReflectionMode: 0
  m_DefaultReflectionResolution: 128
  m_ReflectionBounces: 1
  m_ReflectionIntensity: 1
  m_CustomReflection: {fileID: 0}
  m_Sun: {fileID: 0}
  m_IndirectSpecularColor: {r: 0, g: 0, b: 0, a: 1}
--- !u!157 &3
LightmapSettings:
  m_ObjectHideFlags: 0
  serializedVersion: 11
  m_GIWorkflowMode: 1
  m_GISettings:
    serializedVersion: 2
    m_BounceScale: 1
    m_IndirectOutputScale: 1
    m_AlbedoBoost: 1
    m_TemporalCoherenceThreshold: 1
    m_EnvironmentLightingMode: 0
    m_EnableBakedLightmaps: 0
    m_EnableRealtimeLightmaps: 0
  m_LightmapEditorSettings:
    serializedVersion: 9
    m_Resolution: 2
    m_BakeResolution: 40
    m_TextureWidth: 1024
    m_TextureHeight: 1024
    m_AO: 0
    m_AOMaxDistance: 1
    m_CompAOExponent: 1
    m_CompAOExponentDirect: 0
    m_Padding: 2
    m_LightmapParameters: {fileID: 0}
    m_LightmapsBakeMode: 1
    m_TextureCompression: 1
    m_FinalGather: 0
    m_FinalGatherFiltering: 1
    m_FinalGatherRayCount: 256
    m_ReflectionCompression: 2
    m_MixedBakeMode: 2
    m_BakeBackend: 0
    m_PVRSampling: 1
    m_PVRDirectSampleCount: 32
    m_PVRSampleCount: 500
    m_PVRBounces: 2
    m_PVRFiltering: 0
    m_PVRFilteringMode: 1
    m_PVRCulling: 1
    m_PVRFilteringGaussRadiusDirect: 1
    m_PVRFilteringGaussRadiusIndirect: 5
    m_PVRFilteringGaussRadiusAO: 2
    m_PVRFilteringAtrousColorSigma: 1
    m_PVRFilteringAtrousNormalSigma: 1
    m_PVRFilteringAtrousPositionSigma: 1
  m_LightingDataAsset: {fileID: 0}
  m_UseShadowmask: 1
--- !u!196 &4
NavMeshSettings:
  serializedVersion: 2
  m_ObjectHideFlags: 0
  m_BuildSettings:
    serializedVersion: 2
    agentTypeID: 0
    agentRadius: 0.5
    agentHeight: 2
    agentSlope: 45
    agentClimb: 0.4
    ledgeDropHeight: 0
    maxJumpAcrossDistance: 0
    minRegionArea: 2
    manualCellSize: 0
    cellSize: 0.16666667
    manualTileSize: 0
    tileSize: 256
    accuratePlacement: 0
  m_NavMeshData: {fileID: 0}
--- !u!1001 &12065865
Prefab:
  m_ObjectHideFlags: 0
  serializedVersion: 2
  m_Modification:
    m_TransformParent: {fileID: 1523465184}
    m_Modifications:
    - target: {fileID: 4833533837523004, guid: da6ada8fec9af0b41b48825cb5f1e4d0, type: 2}
      propertyPath: m_LocalPosition.x
      value: -8
      objectReference: {fileID: 0}
    - target: {fileID: 4833533837523004, guid: da6ada8fec9af0b41b48825cb5f1e4d0, type: 2}
      propertyPath: m_LocalPosition.y
      value: 8
      objectReference: {fileID: 0}
    - target: {fileID: 4833533837523004, guid: da6ada8fec9af0b41b48825cb5f1e4d0, type: 2}
      propertyPath: m_LocalPosition.z
      value: 0
      objectReference: {fileID: 0}
    - target: {fileID: 4833533837523004, guid: da6ada8fec9af0b41b48825cb5f1e4d0, type: 2}
      propertyPath: m_LocalRotation.x
      value: -0
      objectReference: {fileID: 0}
    - target: {fileID: 4833533837523004, guid: da6ada8fec9af0b41b48825cb5f1e4d0, type: 2}
      propertyPath: m_LocalRotation.y
      value: -0
      objectReference: {fileID: 0}
    - target: {fileID: 4833533837523004, guid: da6ada8fec9af0b41b48825cb5f1e4d0, type: 2}
      propertyPath: m_LocalRotation.z
      value: -0
      objectReference: {fileID: 0}
    - target: {fileID: 4833533837523004, guid: da6ada8fec9af0b41b48825cb5f1e4d0, type: 2}
      propertyPath: m_LocalRotation.w
      value: 1
      objectReference: {fileID: 0}
    - target: {fileID: 4833533837523004, guid: da6ada8fec9af0b41b48825cb5f1e4d0, type: 2}
      propertyPath: m_RootOrder
      value: 0
      objectReference: {fileID: 0}
    m_RemovedComponents: []
  m_ParentPrefab: {fileID: 100100000, guid: da6ada8fec9af0b41b48825cb5f1e4d0, type: 2}
  m_IsPrefabParent: 0
--- !u!4 &12065866 stripped
Transform:
  m_PrefabParentObject: {fileID: 4833533837523004, guid: da6ada8fec9af0b41b48825cb5f1e4d0,
    type: 2}
  m_PrefabInternal: {fileID: 12065865}
--- !u!1 &257521214
GameObject:
  m_ObjectHideFlags: 0
  m_PrefabParentObject: {fileID: 0}
  m_PrefabInternal: {fileID: 0}
  serializedVersion: 5
  m_Component:
  - component: {fileID: 257521219}
  - component: {fileID: 257521218}
  - component: {fileID: 257521217}
  - component: {fileID: 257521216}
  - component: {fileID: 257521215}
  - component: {fileID: 257521221}
  m_Layer: 0
  m_Name: Main Camera
  m_TagString: MainCamera
  m_Icon: {fileID: 0}
  m_NavMeshLayer: 0
  m_StaticEditorFlags: 0
  m_IsActive: 1
--- !u!81 &257521215
AudioListener:
  m_ObjectHideFlags: 0
  m_PrefabParentObject: {fileID: 0}
  m_PrefabInternal: {fileID: 0}
  m_GameObject: {fileID: 257521214}
  m_Enabled: 1
--- !u!124 &257521216
Behaviour:
  m_ObjectHideFlags: 0
  m_PrefabParentObject: {fileID: 0}
  m_PrefabInternal: {fileID: 0}
  m_GameObject: {fileID: 257521214}
  m_Enabled: 1
--- !u!92 &257521217
Behaviour:
  m_ObjectHideFlags: 0
  m_PrefabParentObject: {fileID: 0}
  m_PrefabInternal: {fileID: 0}
  m_GameObject: {fileID: 257521214}
  m_Enabled: 1
--- !u!20 &257521218
Camera:
  m_ObjectHideFlags: 0
  m_PrefabParentObject: {fileID: 0}
  m_PrefabInternal: {fileID: 0}
  m_GameObject: {fileID: 257521214}
  m_Enabled: 1
  serializedVersion: 2
  m_ClearFlags: 1
  m_BackGroundColor: {r: 0, g: 0, b: 0, a: 0}
  m_NormalizedViewPortRect:
    serializedVersion: 2
    x: 0
    y: 0
    width: 1
    height: 1
  near clip plane: 0.3
  far clip plane: 1000
  field of view: 60
  orthographic: 1
  orthographic size: 5
  m_Depth: -1
  m_CullingMask:
    serializedVersion: 2
    m_Bits: 4294967295
  m_RenderingPath: -1
  m_TargetTexture: {fileID: 0}
  m_TargetDisplay: 0
  m_TargetEye: 3
  m_HDR: 1
  m_AllowMSAA: 1
  m_ForceIntoRT: 0
  m_OcclusionCulling: 1
  m_StereoConvergence: 10
  m_StereoSeparation: 0.022
  m_StereoMirrorMode: 0
--- !u!4 &257521219
Transform:
  m_ObjectHideFlags: 0
  m_PrefabParentObject: {fileID: 0}
  m_PrefabInternal: {fileID: 0}
  m_GameObject: {fileID: 257521214}
  m_LocalRotation: {x: -0, y: -0, z: -0, w: 1}
  m_LocalPosition: {x: 0, y: 0, z: -10}
  m_LocalScale: {x: 1, y: 1, z: 1}
  m_Children: []
  m_Father: {fileID: 0}
  m_RootOrder: 0
  m_LocalEulerAnglesHint: {x: 0, y: 0, z: 0}
--- !u!114 &257521221
MonoBehaviour:
  m_ObjectHideFlags: 0
  m_PrefabParentObject: {fileID: 0}
  m_PrefabInternal: {fileID: 0}
  m_GameObject: {fileID: 257521214}
  m_Enabled: 1
  m_EditorHideFlags: 0
  m_Script: {fileID: 11500000, guid: f47bfa246805d5a438f744bfc0c36a48, type: 3}
  m_Name: 
  m_EditorClassIdentifier: 
--- !u!1001 &276834037
Prefab:
  m_ObjectHideFlags: 0
  serializedVersion: 2
  m_Modification:
    m_TransformParent: {fileID: 1915434043}
    m_Modifications:
    - target: {fileID: 4290208544942498, guid: 94aadc2ccdc6ff54b9fe5fe66ab07633, type: 2}
      propertyPath: m_LocalPosition.x
      value: 9.05
      objectReference: {fileID: 0}
    - target: {fileID: 4290208544942498, guid: 94aadc2ccdc6ff54b9fe5fe66ab07633, type: 2}
      propertyPath: m_LocalPosition.y
      value: 11.09
      objectReference: {fileID: 0}
    - target: {fileID: 4290208544942498, guid: 94aadc2ccdc6ff54b9fe5fe66ab07633, type: 2}
      propertyPath: m_LocalPosition.z
      value: 0
      objectReference: {fileID: 0}
    - target: {fileID: 4290208544942498, guid: 94aadc2ccdc6ff54b9fe5fe66ab07633, type: 2}
      propertyPath: m_LocalRotation.x
      value: -0
      objectReference: {fileID: 0}
    - target: {fileID: 4290208544942498, guid: 94aadc2ccdc6ff54b9fe5fe66ab07633, type: 2}
      propertyPath: m_LocalRotation.y
      value: -0
      objectReference: {fileID: 0}
    - target: {fileID: 4290208544942498, guid: 94aadc2ccdc6ff54b9fe5fe66ab07633, type: 2}
      propertyPath: m_LocalRotation.z
      value: -0
      objectReference: {fileID: 0}
    - target: {fileID: 4290208544942498, guid: 94aadc2ccdc6ff54b9fe5fe66ab07633, type: 2}
      propertyPath: m_LocalRotation.w
      value: 1
      objectReference: {fileID: 0}
    - target: {fileID: 4290208544942498, guid: 94aadc2ccdc6ff54b9fe5fe66ab07633, type: 2}
      propertyPath: m_RootOrder
      value: 4
      objectReference: {fileID: 0}
    m_RemovedComponents: []
  m_ParentPrefab: {fileID: 100100000, guid: 94aadc2ccdc6ff54b9fe5fe66ab07633, type: 2}
  m_IsPrefabParent: 0
--- !u!4 &276834038 stripped
Transform:
  m_PrefabParentObject: {fileID: 4290208544942498, guid: 94aadc2ccdc6ff54b9fe5fe66ab07633,
    type: 2}
  m_PrefabInternal: {fileID: 276834037}
--- !u!1 &296067147
GameObject:
  m_ObjectHideFlags: 0
  m_PrefabParentObject: {fileID: 0}
  m_PrefabInternal: {fileID: 0}
  serializedVersion: 5
  m_Component:
  - component: {fileID: 296067150}
  - component: {fileID: 296067149}
  - component: {fileID: 296067148}
  m_Layer: 0
  m_Name: EventSystem
  m_TagString: Untagged
  m_Icon: {fileID: 0}
  m_NavMeshLayer: 0
  m_StaticEditorFlags: 0
  m_IsActive: 1
--- !u!114 &296067148
MonoBehaviour:
  m_ObjectHideFlags: 0
  m_PrefabParentObject: {fileID: 0}
  m_PrefabInternal: {fileID: 0}
  m_GameObject: {fileID: 296067147}
  m_Enabled: 1
  m_EditorHideFlags: 0
  m_Script: {fileID: 1077351063, guid: f70555f144d8491a825f0804e09c671c, type: 3}
  m_Name: 
  m_EditorClassIdentifier: 
  m_HorizontalAxis: Horizontal
  m_VerticalAxis: Vertical
  m_SubmitButton: Submit
  m_CancelButton: Cancel
  m_InputActionsPerSecond: 10
  m_RepeatDelay: 0.5
  m_ForceModuleActive: 0
--- !u!114 &296067149
MonoBehaviour:
  m_ObjectHideFlags: 0
  m_PrefabParentObject: {fileID: 0}
  m_PrefabInternal: {fileID: 0}
  m_GameObject: {fileID: 296067147}
  m_Enabled: 1
  m_EditorHideFlags: 0
  m_Script: {fileID: -619905303, guid: f70555f144d8491a825f0804e09c671c, type: 3}
  m_Name: 
  m_EditorClassIdentifier: 
  m_FirstSelected: {fileID: 0}
  m_sendNavigationEvents: 1
  m_DragThreshold: 5
--- !u!4 &296067150
Transform:
  m_ObjectHideFlags: 0
  m_PrefabParentObject: {fileID: 0}
  m_PrefabInternal: {fileID: 0}
  m_GameObject: {fileID: 296067147}
  m_LocalRotation: {x: 0, y: 0, z: 0, w: 1}
  m_LocalPosition: {x: 0, y: 0, z: 0}
  m_LocalScale: {x: 1, y: 1, z: 1}
  m_Children: []
  m_Father: {fileID: 0}
  m_RootOrder: 6
  m_LocalEulerAnglesHint: {x: 0, y: 0, z: 0}
--- !u!1001 &300688756
Prefab:
  m_ObjectHideFlags: 0
  serializedVersion: 2
  m_Modification:
    m_TransformParent: {fileID: 1915434043}
    m_Modifications:
    - target: {fileID: 4123652442970022, guid: 95b3ffd5ed85a974383673aae63a1af9, type: 2}
      propertyPath: m_LocalPosition.x
      value: 11.931371
      objectReference: {fileID: 0}
    - target: {fileID: 4123652442970022, guid: 95b3ffd5ed85a974383673aae63a1af9, type: 2}
      propertyPath: m_LocalPosition.y
      value: 8.019439
      objectReference: {fileID: 0}
    - target: {fileID: 4123652442970022, guid: 95b3ffd5ed85a974383673aae63a1af9, type: 2}
      propertyPath: m_LocalPosition.z
      value: 0
      objectReference: {fileID: 0}
    - target: {fileID: 4123652442970022, guid: 95b3ffd5ed85a974383673aae63a1af9, type: 2}
      propertyPath: m_LocalRotation.x
      value: -0
      objectReference: {fileID: 0}
    - target: {fileID: 4123652442970022, guid: 95b3ffd5ed85a974383673aae63a1af9, type: 2}
      propertyPath: m_LocalRotation.y
      value: -0
      objectReference: {fileID: 0}
    - target: {fileID: 4123652442970022, guid: 95b3ffd5ed85a974383673aae63a1af9, type: 2}
      propertyPath: m_LocalRotation.z
      value: -0
      objectReference: {fileID: 0}
    - target: {fileID: 4123652442970022, guid: 95b3ffd5ed85a974383673aae63a1af9, type: 2}
      propertyPath: m_LocalRotation.w
      value: 1
      objectReference: {fileID: 0}
    - target: {fileID: 4123652442970022, guid: 95b3ffd5ed85a974383673aae63a1af9, type: 2}
      propertyPath: m_RootOrder
      value: 3
      objectReference: {fileID: 0}
    - target: {fileID: 1833848531674964, guid: 95b3ffd5ed85a974383673aae63a1af9, type: 2}
      propertyPath: m_Name
      value: Web (2)
      objectReference: {fileID: 0}
    m_RemovedComponents: []
  m_ParentPrefab: {fileID: 100100000, guid: 95b3ffd5ed85a974383673aae63a1af9, type: 2}
  m_IsPrefabParent: 0
--- !u!4 &300688757 stripped
Transform:
  m_PrefabParentObject: {fileID: 4123652442970022, guid: 95b3ffd5ed85a974383673aae63a1af9,
    type: 2}
  m_PrefabInternal: {fileID: 300688756}
--- !u!1001 &320349234
Prefab:
  m_ObjectHideFlags: 0
  serializedVersion: 2
  m_Modification:
    m_TransformParent: {fileID: 1915434043}
    m_Modifications:
    - target: {fileID: 4290392286008300, guid: 0ab0350132047ab45ad700dc2ef7839a, type: 2}
      propertyPath: m_LocalPosition.x
      value: 10
      objectReference: {fileID: 0}
    - target: {fileID: 4290392286008300, guid: 0ab0350132047ab45ad700dc2ef7839a, type: 2}
      propertyPath: m_LocalPosition.y
      value: 9.75
      objectReference: {fileID: 0}
    - target: {fileID: 4290392286008300, guid: 0ab0350132047ab45ad700dc2ef7839a, type: 2}
      propertyPath: m_LocalPosition.z
      value: 0
      objectReference: {fileID: 0}
    - target: {fileID: 4290392286008300, guid: 0ab0350132047ab45ad700dc2ef7839a, type: 2}
      propertyPath: m_LocalRotation.x
      value: -0
      objectReference: {fileID: 0}
    - target: {fileID: 4290392286008300, guid: 0ab0350132047ab45ad700dc2ef7839a, type: 2}
      propertyPath: m_LocalRotation.y
      value: -0
      objectReference: {fileID: 0}
    - target: {fileID: 4290392286008300, guid: 0ab0350132047ab45ad700dc2ef7839a, type: 2}
      propertyPath: m_LocalRotation.z
      value: -0
      objectReference: {fileID: 0}
    - target: {fileID: 4290392286008300, guid: 0ab0350132047ab45ad700dc2ef7839a, type: 2}
      propertyPath: m_LocalRotation.w
      value: 1
      objectReference: {fileID: 0}
    - target: {fileID: 4290392286008300, guid: 0ab0350132047ab45ad700dc2ef7839a, type: 2}
      propertyPath: m_RootOrder
      value: 5
      objectReference: {fileID: 0}
    m_RemovedComponents: []
  m_ParentPrefab: {fileID: 100100000, guid: 0ab0350132047ab45ad700dc2ef7839a, type: 2}
  m_IsPrefabParent: 0
--- !u!4 &320349235 stripped
Transform:
  m_PrefabParentObject: {fileID: 4290392286008300, guid: 0ab0350132047ab45ad700dc2ef7839a,
    type: 2}
  m_PrefabInternal: {fileID: 320349234}
--- !u!1 &388550194
GameObject:
  m_ObjectHideFlags: 0
  m_PrefabParentObject: {fileID: 0}
  m_PrefabInternal: {fileID: 0}
  serializedVersion: 5
  m_Component:
  - component: {fileID: 388550195}
  - component: {fileID: 388550197}
  - component: {fileID: 388550196}
  m_Layer: 5
  m_Name: Text
  m_TagString: Untagged
  m_Icon: {fileID: 0}
  m_NavMeshLayer: 0
  m_StaticEditorFlags: 0
  m_IsActive: 1
--- !u!224 &388550195
RectTransform:
  m_ObjectHideFlags: 0
  m_PrefabParentObject: {fileID: 0}
  m_PrefabInternal: {fileID: 0}
  m_GameObject: {fileID: 388550194}
  m_LocalRotation: {x: 0, y: 0, z: 0, w: 1}
  m_LocalPosition: {x: 0, y: 0, z: 0}
  m_LocalScale: {x: 1, y: 1, z: 1}
  m_Children: []
  m_Father: {fileID: 591111691}
  m_RootOrder: 0
  m_LocalEulerAnglesHint: {x: 0, y: 0, z: 0}
  m_AnchorMin: {x: 0, y: 0}
  m_AnchorMax: {x: 1, y: 1}
  m_AnchoredPosition: {x: 0, y: 0}
  m_SizeDelta: {x: 0, y: 0}
  m_Pivot: {x: 0.5, y: 0.5}
--- !u!114 &388550196
MonoBehaviour:
  m_ObjectHideFlags: 0
  m_PrefabParentObject: {fileID: 0}
  m_PrefabInternal: {fileID: 0}
  m_GameObject: {fileID: 388550194}
  m_Enabled: 1
  m_EditorHideFlags: 0
  m_Script: {fileID: 708705254, guid: f70555f144d8491a825f0804e09c671c, type: 3}
  m_Name: 
  m_EditorClassIdentifier: 
  m_Material: {fileID: 0}
  m_Color: {r: 0.19607843, g: 0.19607843, b: 0.19607843, a: 1}
  m_RaycastTarget: 1
  m_OnCullStateChanged:
    m_PersistentCalls:
      m_Calls: []
    m_TypeName: UnityEngine.UI.MaskableGraphic+CullStateChangedEvent, UnityEngine.UI,
      Version=1.0.0.0, Culture=neutral, PublicKeyToken=null
  m_FontData:
    m_Font: {fileID: 10102, guid: 0000000000000000e000000000000000, type: 0}
    m_FontSize: 14
    m_FontStyle: 0
    m_BestFit: 0
    m_MinSize: 10
    m_MaxSize: 40
    m_Alignment: 4
    m_AlignByGeometry: 0
    m_RichText: 1
    m_HorizontalOverflow: 0
    m_VerticalOverflow: 0
    m_LineSpacing: 1
  m_Text: Spawn Devil
--- !u!222 &388550197
CanvasRenderer:
  m_ObjectHideFlags: 0
  m_PrefabParentObject: {fileID: 0}
  m_PrefabInternal: {fileID: 0}
  m_GameObject: {fileID: 388550194}
--- !u!114 &443492928 stripped
MonoBehaviour:
  m_PrefabParentObject: {fileID: 114526890537356932, guid: 00752a4d774fe604ab3d553a1101deec,
    type: 2}
  m_PrefabInternal: {fileID: 482237869}
  m_Script: {fileID: 11500000, guid: acfb88821f0bab7479c9abebe7cfbe9c, type: 3}
--- !u!1 &454016517
GameObject:
  m_ObjectHideFlags: 0
  m_PrefabParentObject: {fileID: 0}
  m_PrefabInternal: {fileID: 0}
  serializedVersion: 5
  m_Component:
  - component: {fileID: 454016518}
  - component: {fileID: 454016520}
  - component: {fileID: 454016519}
  m_Layer: 5
  m_Name: Text
  m_TagString: Untagged
  m_Icon: {fileID: 0}
  m_NavMeshLayer: 0
  m_StaticEditorFlags: 0
  m_IsActive: 1
--- !u!224 &454016518
RectTransform:
  m_ObjectHideFlags: 0
  m_PrefabParentObject: {fileID: 0}
  m_PrefabInternal: {fileID: 0}
  m_GameObject: {fileID: 454016517}
  m_LocalRotation: {x: 0, y: 0, z: 0, w: 1}
  m_LocalPosition: {x: 0, y: 0, z: 0}
  m_LocalScale: {x: 1, y: 1, z: 1}
  m_Children: []
  m_Father: {fileID: 1935606552}
  m_RootOrder: 0
  m_LocalEulerAnglesHint: {x: 0, y: 0, z: 0}
  m_AnchorMin: {x: 0, y: 0}
  m_AnchorMax: {x: 1, y: 1}
  m_AnchoredPosition: {x: 0, y: 0}
  m_SizeDelta: {x: 0, y: 0}
  m_Pivot: {x: 0.5, y: 0.5}
--- !u!114 &454016519
MonoBehaviour:
  m_ObjectHideFlags: 0
  m_PrefabParentObject: {fileID: 0}
  m_PrefabInternal: {fileID: 0}
  m_GameObject: {fileID: 454016517}
  m_Enabled: 1
  m_EditorHideFlags: 0
  m_Script: {fileID: 708705254, guid: f70555f144d8491a825f0804e09c671c, type: 3}
  m_Name: 
  m_EditorClassIdentifier: 
  m_Material: {fileID: 0}
  m_Color: {r: 0.19607843, g: 0.19607843, b: 0.19607843, a: 1}
  m_RaycastTarget: 1
  m_OnCullStateChanged:
    m_PersistentCalls:
      m_Calls: []
    m_TypeName: UnityEngine.UI.MaskableGraphic+CullStateChangedEvent, UnityEngine.UI,
      Version=1.0.0.0, Culture=neutral, PublicKeyToken=null
  m_FontData:
    m_Font: {fileID: 10102, guid: 0000000000000000e000000000000000, type: 0}
    m_FontSize: 14
    m_FontStyle: 0
    m_BestFit: 0
    m_MinSize: 10
    m_MaxSize: 40
    m_Alignment: 4
    m_AlignByGeometry: 0
    m_RichText: 1
    m_HorizontalOverflow: 0
    m_VerticalOverflow: 0
    m_LineSpacing: 1
  m_Text: Go To Spooky Room
--- !u!222 &454016520
CanvasRenderer:
  m_ObjectHideFlags: 0
  m_PrefabParentObject: {fileID: 0}
  m_PrefabInternal: {fileID: 0}
  m_GameObject: {fileID: 454016517}
--- !u!1001 &482237869
Prefab:
  m_ObjectHideFlags: 0
  serializedVersion: 2
  m_Modification:
    m_TransformParent: {fileID: 1779510020}
    m_Modifications:
    - target: {fileID: 4891513553395888, guid: 00752a4d774fe604ab3d553a1101deec, type: 2}
      propertyPath: m_LocalPosition.x
      value: 0
      objectReference: {fileID: 0}
    - target: {fileID: 4891513553395888, guid: 00752a4d774fe604ab3d553a1101deec, type: 2}
      propertyPath: m_LocalPosition.y
      value: 0
      objectReference: {fileID: 0}
    - target: {fileID: 4891513553395888, guid: 00752a4d774fe604ab3d553a1101deec, type: 2}
      propertyPath: m_LocalPosition.z
      value: 0
      objectReference: {fileID: 0}
    - target: {fileID: 4891513553395888, guid: 00752a4d774fe604ab3d553a1101deec, type: 2}
      propertyPath: m_LocalRotation.x
      value: -0
      objectReference: {fileID: 0}
    - target: {fileID: 4891513553395888, guid: 00752a4d774fe604ab3d553a1101deec, type: 2}
      propertyPath: m_LocalRotation.y
      value: -0
      objectReference: {fileID: 0}
    - target: {fileID: 4891513553395888, guid: 00752a4d774fe604ab3d553a1101deec, type: 2}
      propertyPath: m_LocalRotation.z
      value: -0
      objectReference: {fileID: 0}
    - target: {fileID: 4891513553395888, guid: 00752a4d774fe604ab3d553a1101deec, type: 2}
      propertyPath: m_LocalRotation.w
      value: 1
      objectReference: {fileID: 0}
    - target: {fileID: 4891513553395888, guid: 00752a4d774fe604ab3d553a1101deec, type: 2}
      propertyPath: m_RootOrder
      value: 0
      objectReference: {fileID: 0}
    - target: {fileID: 114526890537356932, guid: 00752a4d774fe604ab3d553a1101deec,
        type: 2}
      propertyPath: startingAmmo
      value: 5
      objectReference: {fileID: 0}
    m_RemovedComponents: []
  m_ParentPrefab: {fileID: 100100000, guid: 00752a4d774fe604ab3d553a1101deec, type: 2}
  m_IsPrefabParent: 0
--- !u!1001 &491661841
Prefab:
  m_ObjectHideFlags: 0
  serializedVersion: 2
  m_Modification:
    m_TransformParent: {fileID: 1915434043}
    m_Modifications:
    - target: {fileID: 4943349358186770, guid: 777f9a163765c86498e1876905ee94d6, type: 2}
      propertyPath: m_LocalPosition.x
      value: 11.094964
      objectReference: {fileID: 0}
    - target: {fileID: 4943349358186770, guid: 777f9a163765c86498e1876905ee94d6, type: 2}
      propertyPath: m_LocalPosition.y
      value: 11.039787
      objectReference: {fileID: 0}
    - target: {fileID: 4943349358186770, guid: 777f9a163765c86498e1876905ee94d6, type: 2}
      propertyPath: m_LocalPosition.z
      value: 0
      objectReference: {fileID: 0}
    - target: {fileID: 4943349358186770, guid: 777f9a163765c86498e1876905ee94d6, type: 2}
      propertyPath: m_LocalRotation.x
      value: -0
      objectReference: {fileID: 0}
    - target: {fileID: 4943349358186770, guid: 777f9a163765c86498e1876905ee94d6, type: 2}
      propertyPath: m_LocalRotation.y
      value: -0
      objectReference: {fileID: 0}
    - target: {fileID: 4943349358186770, guid: 777f9a163765c86498e1876905ee94d6, type: 2}
      propertyPath: m_LocalRotation.z
      value: -0
      objectReference: {fileID: 0}
    - target: {fileID: 4943349358186770, guid: 777f9a163765c86498e1876905ee94d6, type: 2}
      propertyPath: m_LocalRotation.w
      value: 1
      objectReference: {fileID: 0}
    - target: {fileID: 4943349358186770, guid: 777f9a163765c86498e1876905ee94d6, type: 2}
      propertyPath: m_RootOrder
      value: 2
      objectReference: {fileID: 0}
    m_RemovedComponents: []
  m_ParentPrefab: {fileID: 100100000, guid: 777f9a163765c86498e1876905ee94d6, type: 2}
  m_IsPrefabParent: 0
--- !u!4 &491661842 stripped
Transform:
  m_PrefabParentObject: {fileID: 4943349358186770, guid: 777f9a163765c86498e1876905ee94d6,
    type: 2}
  m_PrefabInternal: {fileID: 491661841}
--- !u!1 &591111690
GameObject:
  m_ObjectHideFlags: 0
  m_PrefabParentObject: {fileID: 0}
  m_PrefabInternal: {fileID: 0}
  serializedVersion: 5
  m_Component:
  - component: {fileID: 591111691}
  - component: {fileID: 591111694}
  - component: {fileID: 591111693}
  - component: {fileID: 591111692}
  m_Layer: 5
  m_Name: SpawnDevil
  m_TagString: Untagged
  m_Icon: {fileID: 0}
  m_NavMeshLayer: 0
  m_StaticEditorFlags: 0
  m_IsActive: 1
--- !u!224 &591111691
RectTransform:
  m_ObjectHideFlags: 0
  m_PrefabParentObject: {fileID: 0}
  m_PrefabInternal: {fileID: 0}
  m_GameObject: {fileID: 591111690}
  m_LocalRotation: {x: 0, y: 0, z: 0, w: 1}
  m_LocalPosition: {x: 0, y: 0, z: 0}
  m_LocalScale: {x: 1, y: 1, z: 1}
  m_Children:
  - {fileID: 388550195}
  m_Father: {fileID: 2074792225}
  m_RootOrder: 1
  m_LocalEulerAnglesHint: {x: 0, y: 0, z: 0}
  m_AnchorMin: {x: 1, y: 0}
  m_AnchorMax: {x: 1, y: 0}
  m_AnchoredPosition: {x: 0, y: 0}
  m_SizeDelta: {x: 160, y: 30}
  m_Pivot: {x: 1, y: 0}
--- !u!114 &591111692
MonoBehaviour:
  m_ObjectHideFlags: 0
  m_PrefabParentObject: {fileID: 0}
  m_PrefabInternal: {fileID: 0}
  m_GameObject: {fileID: 591111690}
  m_Enabled: 1
  m_EditorHideFlags: 0
  m_Script: {fileID: 1392445389, guid: f70555f144d8491a825f0804e09c671c, type: 3}
  m_Name: 
  m_EditorClassIdentifier: 
  m_Navigation:
    m_Mode: 3
    m_SelectOnUp: {fileID: 0}
    m_SelectOnDown: {fileID: 0}
    m_SelectOnLeft: {fileID: 0}
    m_SelectOnRight: {fileID: 0}
  m_Transition: 1
  m_Colors:
    m_NormalColor: {r: 1, g: 1, b: 1, a: 1}
    m_HighlightedColor: {r: 0.9607843, g: 0.9607843, b: 0.9607843, a: 1}
    m_PressedColor: {r: 0.78431374, g: 0.78431374, b: 0.78431374, a: 1}
    m_DisabledColor: {r: 0.78431374, g: 0.78431374, b: 0.78431374, a: 0.5019608}
    m_ColorMultiplier: 1
    m_FadeDuration: 0.1
  m_SpriteState:
    m_HighlightedSprite: {fileID: 0}
    m_PressedSprite: {fileID: 0}
    m_DisabledSprite: {fileID: 0}
  m_AnimationTriggers:
    m_NormalTrigger: Normal
    m_HighlightedTrigger: Highlighted
    m_PressedTrigger: Pressed
    m_DisabledTrigger: Disabled
  m_Interactable: 1
  m_TargetGraphic: {fileID: 591111693}
  m_OnClick:
    m_PersistentCalls:
      m_Calls:
      - m_Target: {fileID: 257521221}
        m_MethodName: SpawnEnemy
        m_Mode: 2
        m_Arguments:
          m_ObjectArgument: {fileID: 1259069440110508, guid: 75a4c7841069bc345b77f839d48a99e9,
            type: 2}
          m_ObjectArgumentAssemblyTypeName: UnityEngine.GameObject, UnityEngine
          m_IntArgument: 0
          m_FloatArgument: 0
          m_StringArgument: 
          m_BoolArgument: 0
        m_CallState: 2
    m_TypeName: UnityEngine.UI.Button+ButtonClickedEvent, UnityEngine.UI, Version=1.0.0.0,
      Culture=neutral, PublicKeyToken=null
--- !u!114 &591111693
MonoBehaviour:
  m_ObjectHideFlags: 0
  m_PrefabParentObject: {fileID: 0}
  m_PrefabInternal: {fileID: 0}
  m_GameObject: {fileID: 591111690}
  m_Enabled: 1
  m_EditorHideFlags: 0
  m_Script: {fileID: -765806418, guid: f70555f144d8491a825f0804e09c671c, type: 3}
  m_Name: 
  m_EditorClassIdentifier: 
  m_Material: {fileID: 0}
  m_Color: {r: 1, g: 1, b: 1, a: 1}
  m_RaycastTarget: 1
  m_OnCullStateChanged:
    m_PersistentCalls:
      m_Calls: []
    m_TypeName: UnityEngine.UI.MaskableGraphic+CullStateChangedEvent, UnityEngine.UI,
      Version=1.0.0.0, Culture=neutral, PublicKeyToken=null
  m_Sprite: {fileID: 10905, guid: 0000000000000000f000000000000000, type: 0}
  m_Type: 1
  m_PreserveAspect: 0
  m_FillCenter: 1
  m_FillMethod: 4
  m_FillAmount: 1
  m_FillClockwise: 1
  m_FillOrigin: 0
--- !u!222 &591111694
CanvasRenderer:
  m_ObjectHideFlags: 0
  m_PrefabParentObject: {fileID: 0}
  m_PrefabInternal: {fileID: 0}
  m_GameObject: {fileID: 591111690}
--- !u!1001 &626753202
Prefab:
  m_ObjectHideFlags: 0
  serializedVersion: 2
  m_Modification:
    m_TransformParent: {fileID: 1930520046}
    m_Modifications:
    - target: {fileID: 4091825469212492, guid: f312233add1a7a54a828870f4bf68ee8, type: 2}
      propertyPath: m_LocalPosition.x
      value: -10
      objectReference: {fileID: 0}
    - target: {fileID: 4091825469212492, guid: f312233add1a7a54a828870f4bf68ee8, type: 2}
      propertyPath: m_LocalPosition.y
      value: 10
      objectReference: {fileID: 0}
    - target: {fileID: 4091825469212492, guid: f312233add1a7a54a828870f4bf68ee8, type: 2}
      propertyPath: m_LocalPosition.z
      value: 0
      objectReference: {fileID: 0}
    - target: {fileID: 4091825469212492, guid: f312233add1a7a54a828870f4bf68ee8, type: 2}
      propertyPath: m_LocalRotation.x
      value: -0
      objectReference: {fileID: 0}
    - target: {fileID: 4091825469212492, guid: f312233add1a7a54a828870f4bf68ee8, type: 2}
      propertyPath: m_LocalRotation.y
      value: -0
      objectReference: {fileID: 0}
    - target: {fileID: 4091825469212492, guid: f312233add1a7a54a828870f4bf68ee8, type: 2}
      propertyPath: m_LocalRotation.z
      value: -0
      objectReference: {fileID: 0}
    - target: {fileID: 4091825469212492, guid: f312233add1a7a54a828870f4bf68ee8, type: 2}
      propertyPath: m_LocalRotation.w
      value: 1
      objectReference: {fileID: 0}
    - target: {fileID: 4091825469212492, guid: f312233add1a7a54a828870f4bf68ee8, type: 2}
      propertyPath: m_RootOrder
      value: 1
      objectReference: {fileID: 0}
    - target: {fileID: 114094043122879584, guid: f312233add1a7a54a828870f4bf68ee8,
        type: 2}
      propertyPath: giveAmmo
      value: 1
      objectReference: {fileID: 0}
    m_RemovedComponents: []
  m_ParentPrefab: {fileID: 100100000, guid: f312233add1a7a54a828870f4bf68ee8, type: 2}
  m_IsPrefabParent: 0
--- !u!4 &626753203 stripped
Transform:
  m_PrefabParentObject: {fileID: 4091825469212492, guid: f312233add1a7a54a828870f4bf68ee8,
    type: 2}
  m_PrefabInternal: {fileID: 626753202}
--- !u!1 &677469709
GameObject:
  m_ObjectHideFlags: 0
  m_PrefabParentObject: {fileID: 0}
  m_PrefabInternal: {fileID: 0}
  serializedVersion: 5
  m_Component:
  - component: {fileID: 677469710}
  - component: {fileID: 677469713}
  - component: {fileID: 677469712}
  - component: {fileID: 677469711}
  m_Layer: 5
  m_Name: GiveAmmo
  m_TagString: Untagged
  m_Icon: {fileID: 0}
  m_NavMeshLayer: 0
  m_StaticEditorFlags: 0
  m_IsActive: 1
--- !u!224 &677469710
RectTransform:
  m_ObjectHideFlags: 0
  m_PrefabParentObject: {fileID: 0}
  m_PrefabInternal: {fileID: 0}
  m_GameObject: {fileID: 677469709}
  m_LocalRotation: {x: 0, y: 0, z: 0, w: 1}
  m_LocalPosition: {x: 0, y: 0, z: 0}
  m_LocalScale: {x: 1, y: 1, z: 1}
  m_Children:
  - {fileID: 1950381722}
  m_Father: {fileID: 2074792225}
  m_RootOrder: 2
  m_LocalEulerAnglesHint: {x: 0, y: 0, z: 0}
  m_AnchorMin: {x: 1, y: 0}
  m_AnchorMax: {x: 1, y: 0}
  m_AnchoredPosition: {x: 0, y: 30}
  m_SizeDelta: {x: 160, y: 30}
  m_Pivot: {x: 1, y: 0}
--- !u!114 &677469711
MonoBehaviour:
  m_ObjectHideFlags: 0
  m_PrefabParentObject: {fileID: 0}
  m_PrefabInternal: {fileID: 0}
  m_GameObject: {fileID: 677469709}
  m_Enabled: 1
  m_EditorHideFlags: 0
  m_Script: {fileID: 1392445389, guid: f70555f144d8491a825f0804e09c671c, type: 3}
  m_Name: 
  m_EditorClassIdentifier: 
  m_Navigation:
    m_Mode: 3
    m_SelectOnUp: {fileID: 0}
    m_SelectOnDown: {fileID: 0}
    m_SelectOnLeft: {fileID: 0}
    m_SelectOnRight: {fileID: 0}
  m_Transition: 1
  m_Colors:
    m_NormalColor: {r: 1, g: 1, b: 1, a: 1}
    m_HighlightedColor: {r: 0.9607843, g: 0.9607843, b: 0.9607843, a: 1}
    m_PressedColor: {r: 0.78431374, g: 0.78431374, b: 0.78431374, a: 1}
    m_DisabledColor: {r: 0.78431374, g: 0.78431374, b: 0.78431374, a: 0.5019608}
    m_ColorMultiplier: 1
    m_FadeDuration: 0.1
  m_SpriteState:
    m_HighlightedSprite: {fileID: 0}
    m_PressedSprite: {fileID: 0}
    m_DisabledSprite: {fileID: 0}
  m_AnimationTriggers:
    m_NormalTrigger: Normal
    m_HighlightedTrigger: Highlighted
    m_PressedTrigger: Pressed
    m_DisabledTrigger: Disabled
  m_Interactable: 1
  m_TargetGraphic: {fileID: 677469712}
  m_OnClick:
    m_PersistentCalls:
      m_Calls:
      - m_Target: {fileID: 257521221}
        m_MethodName: GivePlayerAmmo
        m_Mode: 3
        m_Arguments:
          m_ObjectArgument: {fileID: 0}
          m_ObjectArgumentAssemblyTypeName: UnityEngine.Object, UnityEngine
          m_IntArgument: 5
          m_FloatArgument: 0
          m_StringArgument: 
          m_BoolArgument: 0
        m_CallState: 2
    m_TypeName: UnityEngine.UI.Button+ButtonClickedEvent, UnityEngine.UI, Version=1.0.0.0,
      Culture=neutral, PublicKeyToken=null
--- !u!114 &677469712
MonoBehaviour:
  m_ObjectHideFlags: 0
  m_PrefabParentObject: {fileID: 0}
  m_PrefabInternal: {fileID: 0}
  m_GameObject: {fileID: 677469709}
  m_Enabled: 1
  m_EditorHideFlags: 0
  m_Script: {fileID: -765806418, guid: f70555f144d8491a825f0804e09c671c, type: 3}
  m_Name: 
  m_EditorClassIdentifier: 
  m_Material: {fileID: 0}
  m_Color: {r: 1, g: 1, b: 1, a: 1}
  m_RaycastTarget: 1
  m_OnCullStateChanged:
    m_PersistentCalls:
      m_Calls: []
    m_TypeName: UnityEngine.UI.MaskableGraphic+CullStateChangedEvent, UnityEngine.UI,
      Version=1.0.0.0, Culture=neutral, PublicKeyToken=null
  m_Sprite: {fileID: 10905, guid: 0000000000000000f000000000000000, type: 0}
  m_Type: 1
  m_PreserveAspect: 0
  m_FillCenter: 1
  m_FillMethod: 4
  m_FillAmount: 1
  m_FillClockwise: 1
  m_FillOrigin: 0
--- !u!222 &677469713
CanvasRenderer:
  m_ObjectHideFlags: 0
  m_PrefabParentObject: {fileID: 0}
  m_PrefabInternal: {fileID: 0}
  m_GameObject: {fileID: 677469709}
--- !u!1001 &687373230
Prefab:
  m_ObjectHideFlags: 0
  serializedVersion: 2
  m_Modification:
    m_TransformParent: {fileID: 1591694307}
    m_Modifications:
    - target: {fileID: 4123652442970022, guid: 95b3ffd5ed85a974383673aae63a1af9, type: 2}
      propertyPath: m_LocalPosition.x
      value: 3.75
      objectReference: {fileID: 0}
    - target: {fileID: 4123652442970022, guid: 95b3ffd5ed85a974383673aae63a1af9, type: 2}
      propertyPath: m_LocalPosition.y
      value: 10
      objectReference: {fileID: 0}
    - target: {fileID: 4123652442970022, guid: 95b3ffd5ed85a974383673aae63a1af9, type: 2}
      propertyPath: m_LocalPosition.z
      value: 0
      objectReference: {fileID: 0}
    - target: {fileID: 4123652442970022, guid: 95b3ffd5ed85a974383673aae63a1af9, type: 2}
      propertyPath: m_LocalRotation.x
      value: -0
      objectReference: {fileID: 0}
    - target: {fileID: 4123652442970022, guid: 95b3ffd5ed85a974383673aae63a1af9, type: 2}
      propertyPath: m_LocalRotation.y
      value: -0
      objectReference: {fileID: 0}
    - target: {fileID: 4123652442970022, guid: 95b3ffd5ed85a974383673aae63a1af9, type: 2}
      propertyPath: m_LocalRotation.z
      value: -0
      objectReference: {fileID: 0}
    - target: {fileID: 4123652442970022, guid: 95b3ffd5ed85a974383673aae63a1af9, type: 2}
      propertyPath: m_LocalRotation.w
      value: 1
      objectReference: {fileID: 0}
    - target: {fileID: 4123652442970022, guid: 95b3ffd5ed85a974383673aae63a1af9, type: 2}
      propertyPath: m_RootOrder
      value: 6
      objectReference: {fileID: 0}
    - target: {fileID: 1833848531674964, guid: 95b3ffd5ed85a974383673aae63a1af9, type: 2}
      propertyPath: m_Name
      value: Web (1)
      objectReference: {fileID: 0}
    m_RemovedComponents: []
  m_ParentPrefab: {fileID: 100100000, guid: 95b3ffd5ed85a974383673aae63a1af9, type: 2}
  m_IsPrefabParent: 0
--- !u!4 &687373231 stripped
Transform:
  m_PrefabParentObject: {fileID: 4123652442970022, guid: 95b3ffd5ed85a974383673aae63a1af9,
    type: 2}
  m_PrefabInternal: {fileID: 687373230}
--- !u!1001 &713392993
Prefab:
  m_ObjectHideFlags: 0
  serializedVersion: 2
  m_Modification:
    m_TransformParent: {fileID: 1591694307}
    m_Modifications:
    - target: {fileID: 4123652442970022, guid: 95b3ffd5ed85a974383673aae63a1af9, type: 2}
      propertyPath: m_LocalPosition.x
      value: -3.7499998
      objectReference: {fileID: 0}
    - target: {fileID: 4123652442970022, guid: 95b3ffd5ed85a974383673aae63a1af9, type: 2}
      propertyPath: m_LocalPosition.y
      value: 10
      objectReference: {fileID: 0}
    - target: {fileID: 4123652442970022, guid: 95b3ffd5ed85a974383673aae63a1af9, type: 2}
      propertyPath: m_LocalPosition.z
      value: 0
      objectReference: {fileID: 0}
    - target: {fileID: 4123652442970022, guid: 95b3ffd5ed85a974383673aae63a1af9, type: 2}
      propertyPath: m_LocalRotation.x
      value: -0
      objectReference: {fileID: 0}
    - target: {fileID: 4123652442970022, guid: 95b3ffd5ed85a974383673aae63a1af9, type: 2}
      propertyPath: m_LocalRotation.y
      value: -0
      objectReference: {fileID: 0}
    - target: {fileID: 4123652442970022, guid: 95b3ffd5ed85a974383673aae63a1af9, type: 2}
      propertyPath: m_LocalRotation.z
      value: -0
      objectReference: {fileID: 0}
    - target: {fileID: 4123652442970022, guid: 95b3ffd5ed85a974383673aae63a1af9, type: 2}
      propertyPath: m_LocalRotation.w
      value: 1
      objectReference: {fileID: 0}
    - target: {fileID: 4123652442970022, guid: 95b3ffd5ed85a974383673aae63a1af9, type: 2}
      propertyPath: m_RootOrder
      value: 4
      objectReference: {fileID: 0}
    m_RemovedComponents: []
  m_ParentPrefab: {fileID: 100100000, guid: 95b3ffd5ed85a974383673aae63a1af9, type: 2}
  m_IsPrefabParent: 0
--- !u!4 &713392994 stripped
Transform:
  m_PrefabParentObject: {fileID: 4123652442970022, guid: 95b3ffd5ed85a974383673aae63a1af9,
    type: 2}
  m_PrefabInternal: {fileID: 713392993}
--- !u!1 &802298910
GameObject:
  m_ObjectHideFlags: 0
  m_PrefabParentObject: {fileID: 0}
  m_PrefabInternal: {fileID: 0}
  serializedVersion: 5
  m_Component:
  - component: {fileID: 802298911}
  m_Layer: 0
  m_Name: GameObject
  m_TagString: Untagged
  m_Icon: {fileID: 0}
  m_NavMeshLayer: 0
  m_StaticEditorFlags: 0
  m_IsActive: 1
--- !u!4 &802298911
Transform:
  m_ObjectHideFlags: 0
  m_PrefabParentObject: {fileID: 0}
  m_PrefabInternal: {fileID: 0}
  m_GameObject: {fileID: 802298910}
  m_LocalRotation: {x: 0, y: 0, z: 0, w: 1}
  m_LocalPosition: {x: 0, y: 0, z: 0}
  m_LocalScale: {x: 1, y: 1, z: 1}
  m_Children: []
  m_Father: {fileID: 626753203}
  m_RootOrder: 0
  m_LocalEulerAnglesHint: {x: 0, y: 0, z: 0}
--- !u!1001 &824282066
Prefab:
  m_ObjectHideFlags: 0
  serializedVersion: 2
  m_Modification:
    m_TransformParent: {fileID: 1591694307}
    m_Modifications:
    - target: {fileID: 4986852133983870, guid: 0918034fb6422e74d8cec5d29783c15d, type: 2}
      propertyPath: m_LocalPosition.x
      value: 0.75
      objectReference: {fileID: 0}
    - target: {fileID: 4986852133983870, guid: 0918034fb6422e74d8cec5d29783c15d, type: 2}
      propertyPath: m_LocalPosition.y
      value: 7.5
      objectReference: {fileID: 0}
    - target: {fileID: 4986852133983870, guid: 0918034fb6422e74d8cec5d29783c15d, type: 2}
      propertyPath: m_LocalPosition.z
      value: 0
      objectReference: {fileID: 0}
    - target: {fileID: 4986852133983870, guid: 0918034fb6422e74d8cec5d29783c15d, type: 2}
      propertyPath: m_LocalRotation.x
      value: -0
      objectReference: {fileID: 0}
    - target: {fileID: 4986852133983870, guid: 0918034fb6422e74d8cec5d29783c15d, type: 2}
      propertyPath: m_LocalRotation.y
      value: -0
      objectReference: {fileID: 0}
    - target: {fileID: 4986852133983870, guid: 0918034fb6422e74d8cec5d29783c15d, type: 2}
      propertyPath: m_LocalRotation.z
      value: -0
      objectReference: {fileID: 0}
    - target: {fileID: 4986852133983870, guid: 0918034fb6422e74d8cec5d29783c15d, type: 2}
      propertyPath: m_LocalRotation.w
      value: 1
      objectReference: {fileID: 0}
    - target: {fileID: 4986852133983870, guid: 0918034fb6422e74d8cec5d29783c15d, type: 2}
      propertyPath: m_RootOrder
      value: 8
      objectReference: {fileID: 0}
    - target: {fileID: 1177563795121138, guid: 0918034fb6422e74d8cec5d29783c15d, type: 2}
      propertyPath: m_Name
      value: TorchLit (1)
      objectReference: {fileID: 0}
    m_RemovedComponents: []
  m_ParentPrefab: {fileID: 100100000, guid: 0918034fb6422e74d8cec5d29783c15d, type: 2}
  m_IsPrefabParent: 0
--- !u!4 &824282067 stripped
Transform:
  m_PrefabParentObject: {fileID: 4986852133983870, guid: 0918034fb6422e74d8cec5d29783c15d,
    type: 2}
  m_PrefabInternal: {fileID: 824282066}
--- !u!4 &879442132 stripped
Transform:
  m_PrefabParentObject: {fileID: 4807329674592966, guid: fbe7a5076035ad5409a1c8ea96b48dbd,
    type: 2}
  m_PrefabInternal: {fileID: 1452711623}
--- !u!1001 &885908980
Prefab:
  m_ObjectHideFlags: 0
  serializedVersion: 2
  m_Modification:
    m_TransformParent: {fileID: 1591694307}
    m_Modifications:
    - target: {fileID: 4046300649518682, guid: e81e3188299e6a04380de01e4bd2c4f3, type: 2}
      propertyPath: m_LocalPosition.x
      value: 0
      objectReference: {fileID: 0}
    - target: {fileID: 4046300649518682, guid: e81e3188299e6a04380de01e4bd2c4f3, type: 2}
      propertyPath: m_LocalPosition.y
      value: 9.75
      objectReference: {fileID: 0}
    - target: {fileID: 4046300649518682, guid: e81e3188299e6a04380de01e4bd2c4f3, type: 2}
      propertyPath: m_LocalPosition.z
      value: 0
      objectReference: {fileID: 0}
    - target: {fileID: 4046300649518682, guid: e81e3188299e6a04380de01e4bd2c4f3, type: 2}
      propertyPath: m_LocalRotation.x
      value: -0
      objectReference: {fileID: 0}
    - target: {fileID: 4046300649518682, guid: e81e3188299e6a04380de01e4bd2c4f3, type: 2}
      propertyPath: m_LocalRotation.y
      value: -0
      objectReference: {fileID: 0}
    - target: {fileID: 4046300649518682, guid: e81e3188299e6a04380de01e4bd2c4f3, type: 2}
      propertyPath: m_LocalRotation.z
      value: -0
      objectReference: {fileID: 0}
    - target: {fileID: 4046300649518682, guid: e81e3188299e6a04380de01e4bd2c4f3, type: 2}
      propertyPath: m_LocalRotation.w
      value: 1
      objectReference: {fileID: 0}
    - target: {fileID: 4046300649518682, guid: e81e3188299e6a04380de01e4bd2c4f3, type: 2}
      propertyPath: m_RootOrder
      value: 5
      objectReference: {fileID: 0}
    m_RemovedComponents: []
  m_ParentPrefab: {fileID: 100100000, guid: e81e3188299e6a04380de01e4bd2c4f3, type: 2}
  m_IsPrefabParent: 0
--- !u!1001 &943006778
Prefab:
  m_ObjectHideFlags: 0
  serializedVersion: 2
  m_Modification:
    m_TransformParent: {fileID: 1523465184}
    m_Modifications:
    - target: {fileID: 4034667438204602, guid: 725b0f0a8d87f3c47a76a20d59822bc6, type: 2}
      propertyPath: m_LocalPosition.x
      value: 0
      objectReference: {fileID: 0}
    - target: {fileID: 4034667438204602, guid: 725b0f0a8d87f3c47a76a20d59822bc6, type: 2}
      propertyPath: m_LocalPosition.y
      value: 8
      objectReference: {fileID: 0}
    - target: {fileID: 4034667438204602, guid: 725b0f0a8d87f3c47a76a20d59822bc6, type: 2}
      propertyPath: m_LocalPosition.z
      value: 0
      objectReference: {fileID: 0}
    - target: {fileID: 4034667438204602, guid: 725b0f0a8d87f3c47a76a20d59822bc6, type: 2}
      propertyPath: m_LocalRotation.x
      value: -0
      objectReference: {fileID: 0}
    - target: {fileID: 4034667438204602, guid: 725b0f0a8d87f3c47a76a20d59822bc6, type: 2}
      propertyPath: m_LocalRotation.y
      value: -0
      objectReference: {fileID: 0}
    - target: {fileID: 4034667438204602, guid: 725b0f0a8d87f3c47a76a20d59822bc6, type: 2}
      propertyPath: m_LocalRotation.z
      value: -0
      objectReference: {fileID: 0}
    - target: {fileID: 4034667438204602, guid: 725b0f0a8d87f3c47a76a20d59822bc6, type: 2}
      propertyPath: m_LocalRotation.w
      value: 1
      objectReference: {fileID: 0}
    - target: {fileID: 4034667438204602, guid: 725b0f0a8d87f3c47a76a20d59822bc6, type: 2}
      propertyPath: m_RootOrder
      value: 4
      objectReference: {fileID: 0}
    m_RemovedComponents: []
  m_ParentPrefab: {fileID: 100100000, guid: 725b0f0a8d87f3c47a76a20d59822bc6, type: 2}
  m_IsPrefabParent: 0
--- !u!4 &943006779 stripped
Transform:
  m_PrefabParentObject: {fileID: 4034667438204602, guid: 725b0f0a8d87f3c47a76a20d59822bc6,
    type: 2}
  m_PrefabInternal: {fileID: 943006778}
--- !u!1001 &979692436
Prefab:
  m_ObjectHideFlags: 0
  serializedVersion: 2
  m_Modification:
    m_TransformParent: {fileID: 1523465184}
    m_Modifications:
    - target: {fileID: 4141026877303014, guid: 87690b259d55666409dcbe4d90fea26e, type: 2}
      propertyPath: m_LocalPosition.x
      value: -4
      objectReference: {fileID: 0}
    - target: {fileID: 4141026877303014, guid: 87690b259d55666409dcbe4d90fea26e, type: 2}
      propertyPath: m_LocalPosition.y
      value: 8
      objectReference: {fileID: 0}
    - target: {fileID: 4141026877303014, guid: 87690b259d55666409dcbe4d90fea26e, type: 2}
      propertyPath: m_LocalPosition.z
      value: 0
      objectReference: {fileID: 0}
    - target: {fileID: 4141026877303014, guid: 87690b259d55666409dcbe4d90fea26e, type: 2}
      propertyPath: m_LocalRotation.x
      value: -0
      objectReference: {fileID: 0}
    - target: {fileID: 4141026877303014, guid: 87690b259d55666409dcbe4d90fea26e, type: 2}
      propertyPath: m_LocalRotation.y
      value: -0
      objectReference: {fileID: 0}
    - target: {fileID: 4141026877303014, guid: 87690b259d55666409dcbe4d90fea26e, type: 2}
      propertyPath: m_LocalRotation.z
      value: -0
      objectReference: {fileID: 0}
    - target: {fileID: 4141026877303014, guid: 87690b259d55666409dcbe4d90fea26e, type: 2}
      propertyPath: m_LocalRotation.w
      value: 1
      objectReference: {fileID: 0}
    - target: {fileID: 4141026877303014, guid: 87690b259d55666409dcbe4d90fea26e, type: 2}
      propertyPath: m_RootOrder
      value: 2
      objectReference: {fileID: 0}
    - target: {fileID: 1205152591179490, guid: 87690b259d55666409dcbe4d90fea26e, type: 2}
      propertyPath: m_Name
      value: 3x1 (1)
      objectReference: {fileID: 0}
    m_RemovedComponents: []
  m_ParentPrefab: {fileID: 100100000, guid: 87690b259d55666409dcbe4d90fea26e, type: 2}
  m_IsPrefabParent: 0
--- !u!4 &979692437 stripped
Transform:
  m_PrefabParentObject: {fileID: 4141026877303014, guid: 87690b259d55666409dcbe4d90fea26e,
    type: 2}
  m_PrefabInternal: {fileID: 979692436}
--- !u!1001 &1073758594
Prefab:
  m_ObjectHideFlags: 0
  serializedVersion: 2
  m_Modification:
    m_TransformParent: {fileID: 1930520046}
    m_Modifications:
    - target: {fileID: 4052929488680138, guid: 6ae9c77d2b7515347b57110c907c9858, type: 2}
      propertyPath: m_LocalPosition.x
      value: -7.63
      objectReference: {fileID: 0}
    - target: {fileID: 4052929488680138, guid: 6ae9c77d2b7515347b57110c907c9858, type: 2}
      propertyPath: m_LocalPosition.y
      value: 7.79
      objectReference: {fileID: 0}
    - target: {fileID: 4052929488680138, guid: 6ae9c77d2b7515347b57110c907c9858, type: 2}
      propertyPath: m_LocalPosition.z
      value: 0
      objectReference: {fileID: 0}
    - target: {fileID: 4052929488680138, guid: 6ae9c77d2b7515347b57110c907c9858, type: 2}
      propertyPath: m_LocalRotation.x
      value: -0
      objectReference: {fileID: 0}
    - target: {fileID: 4052929488680138, guid: 6ae9c77d2b7515347b57110c907c9858, type: 2}
      propertyPath: m_LocalRotation.y
      value: -0
      objectReference: {fileID: 0}
    - target: {fileID: 4052929488680138, guid: 6ae9c77d2b7515347b57110c907c9858, type: 2}
      propertyPath: m_LocalRotation.z
      value: -0
      objectReference: {fileID: 0}
    - target: {fileID: 4052929488680138, guid: 6ae9c77d2b7515347b57110c907c9858, type: 2}
      propertyPath: m_LocalRotation.w
      value: 1
      objectReference: {fileID: 0}
    - target: {fileID: 4052929488680138, guid: 6ae9c77d2b7515347b57110c907c9858, type: 2}
      propertyPath: m_RootOrder
      value: 0
      objectReference: {fileID: 0}
    m_RemovedComponents: []
  m_ParentPrefab: {fileID: 100100000, guid: 6ae9c77d2b7515347b57110c907c9858, type: 2}
  m_IsPrefabParent: 0
--- !u!4 &1073758595 stripped
Transform:
  m_PrefabParentObject: {fileID: 4052929488680138, guid: 6ae9c77d2b7515347b57110c907c9858,
    type: 2}
  m_PrefabInternal: {fileID: 1073758594}
--- !u!1001 &1088310159
Prefab:
  m_ObjectHideFlags: 0
  serializedVersion: 2
  m_Modification:
    m_TransformParent: {fileID: 1523465184}
    m_Modifications:
    - target: {fileID: 4029989224489286, guid: ca1525554f90c234dbc596829698e8c7, type: 2}
      propertyPath: m_LocalPosition.x
      value: 8
      objectReference: {fileID: 0}
    - target: {fileID: 4029989224489286, guid: ca1525554f90c234dbc596829698e8c7, type: 2}
      propertyPath: m_LocalPosition.y
      value: 8
      objectReference: {fileID: 0}
    - target: {fileID: 4029989224489286, guid: ca1525554f90c234dbc596829698e8c7, type: 2}
      propertyPath: m_LocalPosition.z
      value: 0
      objectReference: {fileID: 0}
    - target: {fileID: 4029989224489286, guid: ca1525554f90c234dbc596829698e8c7, type: 2}
      propertyPath: m_LocalRotation.x
      value: -0
      objectReference: {fileID: 0}
    - target: {fileID: 4029989224489286, guid: ca1525554f90c234dbc596829698e8c7, type: 2}
      propertyPath: m_LocalRotation.y
      value: -0
      objectReference: {fileID: 0}
    - target: {fileID: 4029989224489286, guid: ca1525554f90c234dbc596829698e8c7, type: 2}
      propertyPath: m_LocalRotation.z
      value: -0
      objectReference: {fileID: 0}
    - target: {fileID: 4029989224489286, guid: ca1525554f90c234dbc596829698e8c7, type: 2}
      propertyPath: m_LocalRotation.w
      value: 1
      objectReference: {fileID: 0}
    - target: {fileID: 4029989224489286, guid: ca1525554f90c234dbc596829698e8c7, type: 2}
      propertyPath: m_RootOrder
      value: 1
      objectReference: {fileID: 0}
    m_RemovedComponents: []
  m_ParentPrefab: {fileID: 100100000, guid: ca1525554f90c234dbc596829698e8c7, type: 2}
  m_IsPrefabParent: 0
--- !u!4 &1088310160 stripped
Transform:
  m_PrefabParentObject: {fileID: 4029989224489286, guid: ca1525554f90c234dbc596829698e8c7,
    type: 2}
  m_PrefabInternal: {fileID: 1088310159}
--- !u!1001 &1115969925
Prefab:
  m_ObjectHideFlags: 0
  serializedVersion: 2
  m_Modification:
    m_TransformParent: {fileID: 1915434043}
    m_Modifications:
    - target: {fileID: 4123652442970022, guid: 95b3ffd5ed85a974383673aae63a1af9, type: 2}
      propertyPath: m_LocalPosition.x
      value: 10.258561
      objectReference: {fileID: 0}
    - target: {fileID: 4123652442970022, guid: 95b3ffd5ed85a974383673aae63a1af9, type: 2}
      propertyPath: m_LocalPosition.y
      value: 11.225655
      objectReference: {fileID: 0}
    - target: {fileID: 4123652442970022, guid: 95b3ffd5ed85a974383673aae63a1af9, type: 2}
      propertyPath: m_LocalPosition.z
      value: 0
      objectReference: {fileID: 0}
    - target: {fileID: 4123652442970022, guid: 95b3ffd5ed85a974383673aae63a1af9, type: 2}
      propertyPath: m_LocalRotation.x
      value: -0
      objectReference: {fileID: 0}
    - target: {fileID: 4123652442970022, guid: 95b3ffd5ed85a974383673aae63a1af9, type: 2}
      propertyPath: m_LocalRotation.y
      value: -0
      objectReference: {fileID: 0}
    - target: {fileID: 4123652442970022, guid: 95b3ffd5ed85a974383673aae63a1af9, type: 2}
      propertyPath: m_LocalRotation.z
      value: -0
      objectReference: {fileID: 0}
    - target: {fileID: 4123652442970022, guid: 95b3ffd5ed85a974383673aae63a1af9, type: 2}
      propertyPath: m_LocalRotation.w
      value: 1
      objectReference: {fileID: 0}
    - target: {fileID: 4123652442970022, guid: 95b3ffd5ed85a974383673aae63a1af9, type: 2}
      propertyPath: m_RootOrder
      value: 1
      objectReference: {fileID: 0}
    - target: {fileID: 1833848531674964, guid: 95b3ffd5ed85a974383673aae63a1af9, type: 2}
      propertyPath: m_Name
      value: Web (4)
      objectReference: {fileID: 0}
    m_RemovedComponents: []
  m_ParentPrefab: {fileID: 100100000, guid: 95b3ffd5ed85a974383673aae63a1af9, type: 2}
  m_IsPrefabParent: 0
--- !u!4 &1115969926 stripped
Transform:
  m_PrefabParentObject: {fileID: 4123652442970022, guid: 95b3ffd5ed85a974383673aae63a1af9,
    type: 2}
  m_PrefabInternal: {fileID: 1115969925}
--- !u!1001 &1247850973
Prefab:
  m_ObjectHideFlags: 0
  serializedVersion: 2
  m_Modification:
    m_TransformParent: {fileID: 1591694307}
    m_Modifications:
    - target: {fileID: 4986852133983870, guid: 0918034fb6422e74d8cec5d29783c15d, type: 2}
      propertyPath: m_LocalPosition.x
      value: -3
      objectReference: {fileID: 0}
    - target: {fileID: 4986852133983870, guid: 0918034fb6422e74d8cec5d29783c15d, type: 2}
      propertyPath: m_LocalPosition.y
      value: 9.5
      objectReference: {fileID: 0}
    - target: {fileID: 4986852133983870, guid: 0918034fb6422e74d8cec5d29783c15d, type: 2}
      propertyPath: m_LocalPosition.z
      value: 0
      objectReference: {fileID: 0}
    - target: {fileID: 4986852133983870, guid: 0918034fb6422e74d8cec5d29783c15d, type: 2}
      propertyPath: m_LocalRotation.x
      value: -0
      objectReference: {fileID: 0}
    - target: {fileID: 4986852133983870, guid: 0918034fb6422e74d8cec5d29783c15d, type: 2}
      propertyPath: m_LocalRotation.y
      value: -0
      objectReference: {fileID: 0}
    - target: {fileID: 4986852133983870, guid: 0918034fb6422e74d8cec5d29783c15d, type: 2}
      propertyPath: m_LocalRotation.z
      value: -0
      objectReference: {fileID: 0}
    - target: {fileID: 4986852133983870, guid: 0918034fb6422e74d8cec5d29783c15d, type: 2}
      propertyPath: m_LocalRotation.w
      value: 1
      objectReference: {fileID: 0}
    - target: {fileID: 4986852133983870, guid: 0918034fb6422e74d8cec5d29783c15d, type: 2}
      propertyPath: m_RootOrder
      value: 1
      objectReference: {fileID: 0}
    - target: {fileID: 1177563795121138, guid: 0918034fb6422e74d8cec5d29783c15d, type: 2}
      propertyPath: m_Name
      value: TorchLit (3)
      objectReference: {fileID: 0}
    m_RemovedComponents: []
  m_ParentPrefab: {fileID: 100100000, guid: 0918034fb6422e74d8cec5d29783c15d, type: 2}
  m_IsPrefabParent: 0
--- !u!4 &1247850974 stripped
Transform:
  m_PrefabParentObject: {fileID: 4986852133983870, guid: 0918034fb6422e74d8cec5d29783c15d,
    type: 2}
  m_PrefabInternal: {fileID: 1247850973}
--- !u!1001 &1294190018
Prefab:
  m_ObjectHideFlags: 0
  serializedVersion: 2
  m_Modification:
    m_TransformParent: {fileID: 1591694307}
    m_Modifications:
    - target: {fileID: 4986852133983870, guid: 0918034fb6422e74d8cec5d29783c15d, type: 2}
      propertyPath: m_LocalPosition.x
      value: 3
      objectReference: {fileID: 0}
    - target: {fileID: 4986852133983870, guid: 0918034fb6422e74d8cec5d29783c15d, type: 2}
      propertyPath: m_LocalPosition.y
      value: 11.25
      objectReference: {fileID: 0}
    - target: {fileID: 4986852133983870, guid: 0918034fb6422e74d8cec5d29783c15d, type: 2}
      propertyPath: m_LocalPosition.z
      value: 0
      objectReference: {fileID: 0}
    - target: {fileID: 4986852133983870, guid: 0918034fb6422e74d8cec5d29783c15d, type: 2}
      propertyPath: m_LocalRotation.x
      value: -0
      objectReference: {fileID: 0}
    - target: {fileID: 4986852133983870, guid: 0918034fb6422e74d8cec5d29783c15d, type: 2}
      propertyPath: m_LocalRotation.y
      value: -0
      objectReference: {fileID: 0}
    - target: {fileID: 4986852133983870, guid: 0918034fb6422e74d8cec5d29783c15d, type: 2}
      propertyPath: m_LocalRotation.z
      value: -0
      objectReference: {fileID: 0}
    - target: {fileID: 4986852133983870, guid: 0918034fb6422e74d8cec5d29783c15d, type: 2}
      propertyPath: m_LocalRotation.w
      value: 1
      objectReference: {fileID: 0}
    - target: {fileID: 4986852133983870, guid: 0918034fb6422e74d8cec5d29783c15d, type: 2}
      propertyPath: m_RootOrder
      value: 2
      objectReference: {fileID: 0}
    - target: {fileID: 1177563795121138, guid: 0918034fb6422e74d8cec5d29783c15d, type: 2}
      propertyPath: m_Name
      value: TorchLit (4)
      objectReference: {fileID: 0}
    m_RemovedComponents: []
  m_ParentPrefab: {fileID: 100100000, guid: 0918034fb6422e74d8cec5d29783c15d, type: 2}
  m_IsPrefabParent: 0
--- !u!4 &1294190019 stripped
Transform:
  m_PrefabParentObject: {fileID: 4986852133983870, guid: 0918034fb6422e74d8cec5d29783c15d,
    type: 2}
  m_PrefabInternal: {fileID: 1294190018}
--- !u!1001 &1318466506
Prefab:
  m_ObjectHideFlags: 0
  serializedVersion: 2
  m_Modification:
    m_TransformParent: {fileID: 1523465184}
    m_Modifications:
    - target: {fileID: 4141026877303014, guid: 87690b259d55666409dcbe4d90fea26e, type: 2}
      propertyPath: m_LocalPosition.x
      value: 4
      objectReference: {fileID: 0}
    - target: {fileID: 4141026877303014, guid: 87690b259d55666409dcbe4d90fea26e, type: 2}
      propertyPath: m_LocalPosition.y
      value: 8
      objectReference: {fileID: 0}
    - target: {fileID: 4141026877303014, guid: 87690b259d55666409dcbe4d90fea26e, type: 2}
      propertyPath: m_LocalPosition.z
      value: 0
      objectReference: {fileID: 0}
    - target: {fileID: 4141026877303014, guid: 87690b259d55666409dcbe4d90fea26e, type: 2}
      propertyPath: m_LocalRotation.x
      value: -0
      objectReference: {fileID: 0}
    - target: {fileID: 4141026877303014, guid: 87690b259d55666409dcbe4d90fea26e, type: 2}
      propertyPath: m_LocalRotation.y
      value: -0
      objectReference: {fileID: 0}
    - target: {fileID: 4141026877303014, guid: 87690b259d55666409dcbe4d90fea26e, type: 2}
      propertyPath: m_LocalRotation.z
      value: -0
      objectReference: {fileID: 0}
    - target: {fileID: 4141026877303014, guid: 87690b259d55666409dcbe4d90fea26e, type: 2}
      propertyPath: m_LocalRotation.w
      value: 1
      objectReference: {fileID: 0}
    - target: {fileID: 4141026877303014, guid: 87690b259d55666409dcbe4d90fea26e, type: 2}
      propertyPath: m_RootOrder
      value: 3
      objectReference: {fileID: 0}
    m_RemovedComponents: []
  m_ParentPrefab: {fileID: 100100000, guid: 87690b259d55666409dcbe4d90fea26e, type: 2}
  m_IsPrefabParent: 0
--- !u!4 &1318466507 stripped
Transform:
  m_PrefabParentObject: {fileID: 4141026877303014, guid: 87690b259d55666409dcbe4d90fea26e,
    type: 2}
  m_PrefabInternal: {fileID: 1318466506}
--- !u!1 &1331648193
GameObject:
  m_ObjectHideFlags: 0
  m_PrefabParentObject: {fileID: 0}
  m_PrefabInternal: {fileID: 0}
  serializedVersion: 5
  m_Component:
  - component: {fileID: 1331648194}
  - component: {fileID: 1331648196}
  - component: {fileID: 1331648195}
  m_Layer: 5
  m_Name: AmmoDisplay
  m_TagString: Untagged
  m_Icon: {fileID: 0}
  m_NavMeshLayer: 0
  m_StaticEditorFlags: 0
  m_IsActive: 1
--- !u!224 &1331648194
RectTransform:
  m_ObjectHideFlags: 0
  m_PrefabParentObject: {fileID: 0}
  m_PrefabInternal: {fileID: 0}
  m_GameObject: {fileID: 1331648193}
  m_LocalRotation: {x: 0, y: 0, z: 0, w: 1}
  m_LocalPosition: {x: 0, y: 0, z: 0}
  m_LocalScale: {x: 1, y: 1, z: 1}
  m_Children: []
  m_Father: {fileID: 2074792225}
  m_RootOrder: 0
  m_LocalEulerAnglesHint: {x: 0, y: 0, z: 0}
  m_AnchorMin: {x: 0, y: 0}
  m_AnchorMax: {x: 0, y: 0}
  m_AnchoredPosition: {x: 15, y: 0}
  m_SizeDelta: {x: 160, y: 30}
  m_Pivot: {x: 0, y: 0}
--- !u!114 &1331648195
MonoBehaviour:
  m_ObjectHideFlags: 0
  m_PrefabParentObject: {fileID: 0}
  m_PrefabInternal: {fileID: 0}
  m_GameObject: {fileID: 1331648193}
  m_Enabled: 1
  m_EditorHideFlags: 0
  m_Script: {fileID: 708705254, guid: f70555f144d8491a825f0804e09c671c, type: 3}
  m_Name: 
  m_EditorClassIdentifier: 
  m_Material: {fileID: 0}
  m_Color: {r: 1, g: 1, b: 1, a: 1}
  m_RaycastTarget: 1
  m_OnCullStateChanged:
    m_PersistentCalls:
      m_Calls: []
    m_TypeName: UnityEngine.UI.MaskableGraphic+CullStateChangedEvent, UnityEngine.UI,
      Version=1.0.0.0, Culture=neutral, PublicKeyToken=null
  m_FontData:
    m_Font: {fileID: 10102, guid: 0000000000000000e000000000000000, type: 0}
    m_FontSize: 14
    m_FontStyle: 0
    m_BestFit: 0
    m_MinSize: 10
    m_MaxSize: 40
    m_Alignment: 0
    m_AlignByGeometry: 0
    m_RichText: 1
    m_HorizontalOverflow: 0
    m_VerticalOverflow: 0
    m_LineSpacing: 1
  m_Text: AmmoDisplay
--- !u!222 &1331648196
CanvasRenderer:
  m_ObjectHideFlags: 0
  m_PrefabParentObject: {fileID: 0}
  m_PrefabInternal: {fileID: 0}
  m_GameObject: {fileID: 1331648193}
--- !u!1001 &1358280288
Prefab:
  m_ObjectHideFlags: 0
  serializedVersion: 2
  m_Modification:
    m_TransformParent: {fileID: 1523465184}
    m_Modifications:
    - target: {fileID: 4616753535465756, guid: 9c8c480730c8dbf498e730ba6b1bda68, type: 2}
      propertyPath: m_LocalPosition.x
      value: 0
      objectReference: {fileID: 0}
    - target: {fileID: 4616753535465756, guid: 9c8c480730c8dbf498e730ba6b1bda68, type: 2}
      propertyPath: m_LocalPosition.y
      value: 4
      objectReference: {fileID: 0}
    - target: {fileID: 4616753535465756, guid: 9c8c480730c8dbf498e730ba6b1bda68, type: 2}
      propertyPath: m_LocalPosition.z
      value: 0
      objectReference: {fileID: 0}
    - target: {fileID: 4616753535465756, guid: 9c8c480730c8dbf498e730ba6b1bda68, type: 2}
      propertyPath: m_LocalRotation.x
      value: 0
      objectReference: {fileID: 0}
    - target: {fileID: 4616753535465756, guid: 9c8c480730c8dbf498e730ba6b1bda68, type: 2}
      propertyPath: m_LocalRotation.y
      value: 0
      objectReference: {fileID: 0}
    - target: {fileID: 4616753535465756, guid: 9c8c480730c8dbf498e730ba6b1bda68, type: 2}
      propertyPath: m_LocalRotation.z
      value: 0
      objectReference: {fileID: 0}
    - target: {fileID: 4616753535465756, guid: 9c8c480730c8dbf498e730ba6b1bda68, type: 2}
      propertyPath: m_LocalRotation.w
      value: 1
      objectReference: {fileID: 0}
    - target: {fileID: 4616753535465756, guid: 9c8c480730c8dbf498e730ba6b1bda68, type: 2}
      propertyPath: m_RootOrder
      value: 5
      objectReference: {fileID: 0}
    m_RemovedComponents: []
  m_ParentPrefab: {fileID: 100100000, guid: 9c8c480730c8dbf498e730ba6b1bda68, type: 2}
  m_IsPrefabParent: 0
--- !u!4 &1358280289 stripped
Transform:
  m_PrefabParentObject: {fileID: 4616753535465756, guid: 9c8c480730c8dbf498e730ba6b1bda68,
    type: 2}
  m_PrefabInternal: {fileID: 1358280288}
--- !u!1001 &1394768538
Prefab:
  m_ObjectHideFlags: 0
  serializedVersion: 2
  m_Modification:
    m_TransformParent: {fileID: 1915434043}
    m_Modifications:
    - target: {fileID: 4123652442970022, guid: 95b3ffd5ed85a974383673aae63a1af9, type: 2}
      propertyPath: m_LocalPosition.x
      value: 8.492818
      objectReference: {fileID: 0}
    - target: {fileID: 4123652442970022, guid: 95b3ffd5ed85a974383673aae63a1af9, type: 2}
      propertyPath: m_LocalPosition.y
      value: 8.298241
      objectReference: {fileID: 0}
    - target: {fileID: 4123652442970022, guid: 95b3ffd5ed85a974383673aae63a1af9, type: 2}
      propertyPath: m_LocalPosition.z
      value: 0
      objectReference: {fileID: 0}
    - target: {fileID: 4123652442970022, guid: 95b3ffd5ed85a974383673aae63a1af9, type: 2}
      propertyPath: m_LocalRotation.x
      value: -0
      objectReference: {fileID: 0}
    - target: {fileID: 4123652442970022, guid: 95b3ffd5ed85a974383673aae63a1af9, type: 2}
      propertyPath: m_LocalRotation.y
      value: -0
      objectReference: {fileID: 0}
    - target: {fileID: 4123652442970022, guid: 95b3ffd5ed85a974383673aae63a1af9, type: 2}
      propertyPath: m_LocalRotation.z
      value: -0
      objectReference: {fileID: 0}
    - target: {fileID: 4123652442970022, guid: 95b3ffd5ed85a974383673aae63a1af9, type: 2}
      propertyPath: m_LocalRotation.w
      value: 1
      objectReference: {fileID: 0}
    - target: {fileID: 4123652442970022, guid: 95b3ffd5ed85a974383673aae63a1af9, type: 2}
      propertyPath: m_RootOrder
      value: 0
      objectReference: {fileID: 0}
    - target: {fileID: 1833848531674964, guid: 95b3ffd5ed85a974383673aae63a1af9, type: 2}
      propertyPath: m_Name
      value: Web (3)
      objectReference: {fileID: 0}
    m_RemovedComponents: []
  m_ParentPrefab: {fileID: 100100000, guid: 95b3ffd5ed85a974383673aae63a1af9, type: 2}
  m_IsPrefabParent: 0
--- !u!4 &1394768539 stripped
Transform:
  m_PrefabParentObject: {fileID: 4123652442970022, guid: 95b3ffd5ed85a974383673aae63a1af9,
    type: 2}
  m_PrefabInternal: {fileID: 1394768538}
--- !u!1001 &1452711623
Prefab:
  m_ObjectHideFlags: 0
  serializedVersion: 2
  m_Modification:
    m_TransformParent: {fileID: 1523465184}
    m_Modifications:
    - target: {fileID: 4807329674592966, guid: fbe7a5076035ad5409a1c8ea96b48dbd, type: 2}
      propertyPath: m_LocalPosition.x
      value: 0
      objectReference: {fileID: 0}
    - target: {fileID: 4807329674592966, guid: fbe7a5076035ad5409a1c8ea96b48dbd, type: 2}
      propertyPath: m_LocalPosition.y
      value: 0
      objectReference: {fileID: 0}
    - target: {fileID: 4807329674592966, guid: fbe7a5076035ad5409a1c8ea96b48dbd, type: 2}
      propertyPath: m_LocalPosition.z
      value: 0
      objectReference: {fileID: 0}
    - target: {fileID: 4807329674592966, guid: fbe7a5076035ad5409a1c8ea96b48dbd, type: 2}
      propertyPath: m_LocalRotation.x
      value: 0
      objectReference: {fileID: 0}
    - target: {fileID: 4807329674592966, guid: fbe7a5076035ad5409a1c8ea96b48dbd, type: 2}
      propertyPath: m_LocalRotation.y
      value: 0
      objectReference: {fileID: 0}
    - target: {fileID: 4807329674592966, guid: fbe7a5076035ad5409a1c8ea96b48dbd, type: 2}
      propertyPath: m_LocalRotation.z
      value: 0
      objectReference: {fileID: 0}
    - target: {fileID: 4807329674592966, guid: fbe7a5076035ad5409a1c8ea96b48dbd, type: 2}
      propertyPath: m_LocalRotation.w
      value: 1
      objectReference: {fileID: 0}
    - target: {fileID: 4807329674592966, guid: fbe7a5076035ad5409a1c8ea96b48dbd, type: 2}
      propertyPath: m_RootOrder
      value: 6
      objectReference: {fileID: 0}
    - target: {fileID: 1094149803375724, guid: fbe7a5076035ad5409a1c8ea96b48dbd, type: 2}
      propertyPath: m_IsActive
      value: 1
      objectReference: {fileID: 0}
    - target: {fileID: 4807329674592966, guid: fbe7a5076035ad5409a1c8ea96b48dbd, type: 2}
      propertyPath: m_LocalScale.x
      value: 1
      objectReference: {fileID: 0}
    - target: {fileID: 4807329674592966, guid: fbe7a5076035ad5409a1c8ea96b48dbd, type: 2}
      propertyPath: m_LocalScale.y
      value: 1
      objectReference: {fileID: 0}
    - target: {fileID: 212238272373123460, guid: fbe7a5076035ad5409a1c8ea96b48dbd,
        type: 2}
      propertyPath: m_Materials.Array.data[0]
      value: 
      objectReference: {fileID: 2100000, guid: bcfb2ca4e133f8545a50321fac532b4c, type: 2}
    m_RemovedComponents: []
  m_ParentPrefab: {fileID: 100100000, guid: fbe7a5076035ad5409a1c8ea96b48dbd, type: 2}
  m_IsPrefabParent: 0
--- !u!1 &1523465183
GameObject:
  m_ObjectHideFlags: 0
  m_PrefabParentObject: {fileID: 0}
  m_PrefabInternal: {fileID: 0}
  serializedVersion: 5
  m_Component:
  - component: {fileID: 1523465184}
  m_Layer: 0
  m_Name: x1.25
  m_TagString: Untagged
  m_Icon: {fileID: 0}
  m_NavMeshLayer: 0
  m_StaticEditorFlags: 0
  m_IsActive: 1
--- !u!4 &1523465184
Transform:
  m_ObjectHideFlags: 0
  m_PrefabParentObject: {fileID: 0}
  m_PrefabInternal: {fileID: 0}
  m_GameObject: {fileID: 1523465183}
  m_LocalRotation: {x: 0, y: 0, z: 0, w: 1}
  m_LocalPosition: {x: 0, y: 0, z: 0}
  m_LocalScale: {x: 1.25, y: 1.25, z: 1}
  m_Children:
  - {fileID: 12065866}
  - {fileID: 1088310160}
  - {fileID: 979692437}
  - {fileID: 1318466507}
  - {fileID: 943006779}
  - {fileID: 1358280289}
  - {fileID: 879442132}
  m_Father: {fileID: 0}
  m_RootOrder: 1
  m_LocalEulerAnglesHint: {x: 0, y: 0, z: 0}
--- !u!4 &1561508912 stripped
Transform:
  m_PrefabParentObject: {fileID: 4046300649518682, guid: e81e3188299e6a04380de01e4bd2c4f3,
    type: 2}
  m_PrefabInternal: {fileID: 885908980}
--- !u!1 &1591694306
GameObject:
  m_ObjectHideFlags: 0
  m_PrefabParentObject: {fileID: 0}
  m_PrefabInternal: {fileID: 0}
  serializedVersion: 5
  m_Component:
  - component: {fileID: 1591694307}
  m_Layer: 0
  m_Name: UP1
  m_TagString: Untagged
  m_Icon: {fileID: 0}
  m_NavMeshLayer: 0
  m_StaticEditorFlags: 0
  m_IsActive: 1
--- !u!4 &1591694307
Transform:
  m_ObjectHideFlags: 0
  m_PrefabParentObject: {fileID: 0}
  m_PrefabInternal: {fileID: 0}
  m_GameObject: {fileID: 1591694306}
  m_LocalRotation: {x: 0, y: 0, z: 0, w: 1}
  m_LocalPosition: {x: 0, y: 0, z: 0}
  m_LocalScale: {x: 1, y: 1, z: 1}
  m_Children:
  - {fileID: 1730588021}
  - {fileID: 1247850974}
  - {fileID: 1294190019}
  - {fileID: 1779558810}
  - {fileID: 713392994}
  - {fileID: 1561508912}
  - {fileID: 687373231}
  - {fileID: 1760604193}
  - {fileID: 824282067}
  m_Father: {fileID: 0}
  m_RootOrder: 3
  m_LocalEulerAnglesHint: {x: 0, y: 0, z: 0}
--- !u!4 &1704979414 stripped
Transform:
  m_PrefabParentObject: {fileID: 4891513553395888, guid: 00752a4d774fe604ab3d553a1101deec,
    type: 2}
  m_PrefabInternal: {fileID: 482237869}
--- !u!1001 &1730588020
Prefab:
  m_ObjectHideFlags: 0
  serializedVersion: 2
  m_Modification:
    m_TransformParent: {fileID: 1591694307}
    m_Modifications:
    - target: {fileID: 4986852133983870, guid: 0918034fb6422e74d8cec5d29783c15d, type: 2}
      propertyPath: m_LocalPosition.x
      value: -3
      objectReference: {fileID: 0}
    - target: {fileID: 4986852133983870, guid: 0918034fb6422e74d8cec5d29783c15d, type: 2}
      propertyPath: m_LocalPosition.y
      value: 11.25
      objectReference: {fileID: 0}
    - target: {fileID: 4986852133983870, guid: 0918034fb6422e74d8cec5d29783c15d, type: 2}
      propertyPath: m_LocalPosition.z
      value: 0
      objectReference: {fileID: 0}
    - target: {fileID: 4986852133983870, guid: 0918034fb6422e74d8cec5d29783c15d, type: 2}
      propertyPath: m_LocalRotation.x
      value: -0
      objectReference: {fileID: 0}
    - target: {fileID: 4986852133983870, guid: 0918034fb6422e74d8cec5d29783c15d, type: 2}
      propertyPath: m_LocalRotation.y
      value: -0
      objectReference: {fileID: 0}
    - target: {fileID: 4986852133983870, guid: 0918034fb6422e74d8cec5d29783c15d, type: 2}
      propertyPath: m_LocalRotation.z
      value: -0
      objectReference: {fileID: 0}
    - target: {fileID: 4986852133983870, guid: 0918034fb6422e74d8cec5d29783c15d, type: 2}
      propertyPath: m_LocalRotation.w
      value: 1
      objectReference: {fileID: 0}
    - target: {fileID: 4986852133983870, guid: 0918034fb6422e74d8cec5d29783c15d, type: 2}
      propertyPath: m_RootOrder
      value: 0
      objectReference: {fileID: 0}
    - target: {fileID: 1177563795121138, guid: 0918034fb6422e74d8cec5d29783c15d, type: 2}
      propertyPath: m_Name
      value: TorchLit (2)
      objectReference: {fileID: 0}
    m_RemovedComponents: []
  m_ParentPrefab: {fileID: 100100000, guid: 0918034fb6422e74d8cec5d29783c15d, type: 2}
  m_IsPrefabParent: 0
--- !u!4 &1730588021 stripped
Transform:
  m_PrefabParentObject: {fileID: 4986852133983870, guid: 0918034fb6422e74d8cec5d29783c15d,
    type: 2}
  m_PrefabInternal: {fileID: 1730588020}
--- !u!1001 &1760604192
Prefab:
  m_ObjectHideFlags: 0
  serializedVersion: 2
  m_Modification:
    m_TransformParent: {fileID: 1591694307}
    m_Modifications:
    - target: {fileID: 4986852133983870, guid: 0918034fb6422e74d8cec5d29783c15d, type: 2}
      propertyPath: m_LocalPosition.x
      value: -0.75
      objectReference: {fileID: 0}
    - target: {fileID: 4986852133983870, guid: 0918034fb6422e74d8cec5d29783c15d, type: 2}
      propertyPath: m_LocalPosition.y
      value: 7.5
      objectReference: {fileID: 0}
    - target: {fileID: 4986852133983870, guid: 0918034fb6422e74d8cec5d29783c15d, type: 2}
      propertyPath: m_LocalPosition.z
      value: 0
      objectReference: {fileID: 0}
    - target: {fileID: 4986852133983870, guid: 0918034fb6422e74d8cec5d29783c15d, type: 2}
      propertyPath: m_LocalRotation.x
      value: -0
      objectReference: {fileID: 0}
    - target: {fileID: 4986852133983870, guid: 0918034fb6422e74d8cec5d29783c15d, type: 2}
      propertyPath: m_LocalRotation.y
      value: -0
      objectReference: {fileID: 0}
    - target: {fileID: 4986852133983870, guid: 0918034fb6422e74d8cec5d29783c15d, type: 2}
      propertyPath: m_LocalRotation.z
      value: -0
      objectReference: {fileID: 0}
    - target: {fileID: 4986852133983870, guid: 0918034fb6422e74d8cec5d29783c15d, type: 2}
      propertyPath: m_LocalRotation.w
      value: 1
      objectReference: {fileID: 0}
    - target: {fileID: 4986852133983870, guid: 0918034fb6422e74d8cec5d29783c15d, type: 2}
      propertyPath: m_RootOrder
      value: 7
      objectReference: {fileID: 0}
    m_RemovedComponents: []
  m_ParentPrefab: {fileID: 100100000, guid: 0918034fb6422e74d8cec5d29783c15d, type: 2}
  m_IsPrefabParent: 0
--- !u!4 &1760604193 stripped
Transform:
  m_PrefabParentObject: {fileID: 4986852133983870, guid: 0918034fb6422e74d8cec5d29783c15d,
    type: 2}
  m_PrefabInternal: {fileID: 1760604192}
--- !u!1 &1779510019
GameObject:
  m_ObjectHideFlags: 0
  m_PrefabParentObject: {fileID: 0}
  m_PrefabInternal: {fileID: 0}
  serializedVersion: 5
  m_Component:
  - component: {fileID: 1779510020}
  m_Layer: 0
  m_Name: SPAWN
  m_TagString: Untagged
  m_Icon: {fileID: 0}
  m_NavMeshLayer: 0
  m_StaticEditorFlags: 0
  m_IsActive: 1
--- !u!4 &1779510020
Transform:
  m_ObjectHideFlags: 0
  m_PrefabParentObject: {fileID: 0}
  m_PrefabInternal: {fileID: 0}
  m_GameObject: {fileID: 1779510019}
  m_LocalRotation: {x: 0, y: 0, z: 0, w: 1}
  m_LocalPosition: {x: 0, y: 0, z: 0}
  m_LocalScale: {x: 1, y: 1, z: 1}
  m_Children:
  - {fileID: 1704979414}
  m_Father: {fileID: 0}
  m_RootOrder: 2
  m_LocalEulerAnglesHint: {x: 0, y: 0, z: 0}
--- !u!1001 &1779558809
Prefab:
  m_ObjectHideFlags: 0
  serializedVersion: 2
  m_Modification:
    m_TransformParent: {fileID: 1591694307}
    m_Modifications:
    - target: {fileID: 4986852133983870, guid: 0918034fb6422e74d8cec5d29783c15d, type: 2}
      propertyPath: m_LocalPosition.x
      value: 3
      objectReference: {fileID: 0}
    - target: {fileID: 4986852133983870, guid: 0918034fb6422e74d8cec5d29783c15d, type: 2}
      propertyPath: m_LocalPosition.y
      value: 9.5
      objectReference: {fileID: 0}
    - target: {fileID: 4986852133983870, guid: 0918034fb6422e74d8cec5d29783c15d, type: 2}
      propertyPath: m_LocalPosition.z
      value: 0
      objectReference: {fileID: 0}
    - target: {fileID: 4986852133983870, guid: 0918034fb6422e74d8cec5d29783c15d, type: 2}
      propertyPath: m_LocalRotation.x
      value: -0
      objectReference: {fileID: 0}
    - target: {fileID: 4986852133983870, guid: 0918034fb6422e74d8cec5d29783c15d, type: 2}
      propertyPath: m_LocalRotation.y
      value: -0
      objectReference: {fileID: 0}
    - target: {fileID: 4986852133983870, guid: 0918034fb6422e74d8cec5d29783c15d, type: 2}
      propertyPath: m_LocalRotation.z
      value: -0
      objectReference: {fileID: 0}
    - target: {fileID: 4986852133983870, guid: 0918034fb6422e74d8cec5d29783c15d, type: 2}
      propertyPath: m_LocalRotation.w
      value: 1
      objectReference: {fileID: 0}
    - target: {fileID: 4986852133983870, guid: 0918034fb6422e74d8cec5d29783c15d, type: 2}
      propertyPath: m_RootOrder
      value: 3
      objectReference: {fileID: 0}
    - target: {fileID: 1177563795121138, guid: 0918034fb6422e74d8cec5d29783c15d, type: 2}
      propertyPath: m_Name
      value: TorchLit (5)
      objectReference: {fileID: 0}
    m_RemovedComponents: []
  m_ParentPrefab: {fileID: 100100000, guid: 0918034fb6422e74d8cec5d29783c15d, type: 2}
  m_IsPrefabParent: 0
--- !u!4 &1779558810 stripped
Transform:
  m_PrefabParentObject: {fileID: 4986852133983870, guid: 0918034fb6422e74d8cec5d29783c15d,
    type: 2}
  m_PrefabInternal: {fileID: 1779558809}
--- !u!1 &1915434042
GameObject:
  m_ObjectHideFlags: 0
  m_PrefabParentObject: {fileID: 0}
  m_PrefabInternal: {fileID: 0}
  serializedVersion: 5
  m_Component:
  - component: {fileID: 1915434043}
  m_Layer: 0
  m_Name: UP1RIGHT1
  m_TagString: Untagged
  m_Icon: {fileID: 0}
  m_NavMeshLayer: 0
  m_StaticEditorFlags: 0
  m_IsActive: 1
--- !u!4 &1915434043
Transform:
  m_ObjectHideFlags: 0
  m_PrefabParentObject: {fileID: 0}
  m_PrefabInternal: {fileID: 0}
  m_GameObject: {fileID: 1915434042}
  m_LocalRotation: {x: 0, y: 0, z: 0, w: 1}
  m_LocalPosition: {x: 0, y: 0, z: 0}
  m_LocalScale: {x: 1, y: 1, z: 1}
  m_Children:
  - {fileID: 1394768539}
  - {fileID: 1115969926}
  - {fileID: 491661842}
  - {fileID: 300688757}
  - {fileID: 276834038}
  - {fileID: 320349235}
  m_Father: {fileID: 0}
  m_RootOrder: 5
  m_LocalEulerAnglesHint: {x: 0, y: 0, z: 0}
--- !u!1 &1930520045
GameObject:
  m_ObjectHideFlags: 0
  m_PrefabParentObject: {fileID: 0}
  m_PrefabInternal: {fileID: 0}
  serializedVersion: 5
  m_Component:
  - component: {fileID: 1930520046}
  m_Layer: 0
  m_Name: UP1LEFT1
  m_TagString: Untagged
  m_Icon: {fileID: 0}
  m_NavMeshLayer: 0
  m_StaticEditorFlags: 0
  m_IsActive: 1
--- !u!4 &1930520046
Transform:
  m_ObjectHideFlags: 0
  m_PrefabParentObject: {fileID: 0}
  m_PrefabInternal: {fileID: 0}
  m_GameObject: {fileID: 1930520045}
  m_LocalRotation: {x: 0, y: 0, z: 0, w: 1}
  m_LocalPosition: {x: 0, y: 0, z: 0}
  m_LocalScale: {x: 1, y: 1, z: 1}
  m_Children:
  - {fileID: 1073758595}
  - {fileID: 626753203}
  m_Father: {fileID: 0}
  m_RootOrder: 4
  m_LocalEulerAnglesHint: {x: 0, y: 0, z: 0}
--- !u!1 &1935606551
GameObject:
  m_ObjectHideFlags: 0
  m_PrefabParentObject: {fileID: 0}
  m_PrefabInternal: {fileID: 0}
  serializedVersion: 5
  m_Component:
  - component: {fileID: 1935606552}
  - component: {fileID: 1935606555}
  - component: {fileID: 1935606554}
  - component: {fileID: 1935606553}
  m_Layer: 5
  m_Name: GoToSpookyRoom
  m_TagString: Untagged
  m_Icon: {fileID: 0}
  m_NavMeshLayer: 0
  m_StaticEditorFlags: 0
  m_IsActive: 1
--- !u!224 &1935606552
RectTransform:
  m_ObjectHideFlags: 0
  m_PrefabParentObject: {fileID: 0}
  m_PrefabInternal: {fileID: 0}
  m_GameObject: {fileID: 1935606551}
  m_LocalRotation: {x: -0, y: -0, z: -0, w: 1}
  m_LocalPosition: {x: 0, y: 0, z: 0}
  m_LocalScale: {x: 1, y: 1, z: 1}
  m_Children:
  - {fileID: 454016518}
  m_Father: {fileID: 2074792225}
  m_RootOrder: 3
  m_LocalEulerAnglesHint: {x: 0, y: 0, z: 0}
  m_AnchorMin: {x: 1, y: 0}
  m_AnchorMax: {x: 1, y: 0}
  m_AnchoredPosition: {x: 0, y: 60.2}
  m_SizeDelta: {x: 160, y: 30}
  m_Pivot: {x: 1, y: 0}
--- !u!114 &1935606553
MonoBehaviour:
  m_ObjectHideFlags: 0
  m_PrefabParentObject: {fileID: 0}
  m_PrefabInternal: {fileID: 0}
  m_GameObject: {fileID: 1935606551}
  m_Enabled: 1
  m_EditorHideFlags: 0
  m_Script: {fileID: 1392445389, guid: f70555f144d8491a825f0804e09c671c, type: 3}
  m_Name: 
  m_EditorClassIdentifier: 
  m_Navigation:
    m_Mode: 3
    m_SelectOnUp: {fileID: 0}
    m_SelectOnDown: {fileID: 0}
    m_SelectOnLeft: {fileID: 0}
    m_SelectOnRight: {fileID: 0}
  m_Transition: 1
  m_Colors:
    m_NormalColor: {r: 1, g: 1, b: 1, a: 1}
    m_HighlightedColor: {r: 0.9607843, g: 0.9607843, b: 0.9607843, a: 1}
    m_PressedColor: {r: 0.78431374, g: 0.78431374, b: 0.78431374, a: 1}
    m_DisabledColor: {r: 0.78431374, g: 0.78431374, b: 0.78431374, a: 0.5019608}
    m_ColorMultiplier: 1
    m_FadeDuration: 0.1
  m_SpriteState:
    m_HighlightedSprite: {fileID: 0}
    m_PressedSprite: {fileID: 0}
    m_DisabledSprite: {fileID: 0}
  m_AnimationTriggers:
    m_NormalTrigger: Normal
    m_HighlightedTrigger: Highlighted
    m_PressedTrigger: Pressed
    m_DisabledTrigger: Disabled
  m_Interactable: 1
  m_TargetGraphic: {fileID: 1935606554}
  m_OnClick:
    m_PersistentCalls:
      m_Calls:
      - m_Target: {fileID: 443492928}
        m_MethodName: goToScene
        m_Mode: 5
        m_Arguments:
          m_ObjectArgument: {fileID: 0}
          m_ObjectArgumentAssemblyTypeName: UnityEngine.Object, UnityEngine
          m_IntArgument: 5
          m_FloatArgument: 0
          m_StringArgument: SpookyRoom
          m_BoolArgument: 0
        m_CallState: 2
    m_TypeName: UnityEngine.UI.Button+ButtonClickedEvent, UnityEngine.UI, Version=1.0.0.0,
      Culture=neutral, PublicKeyToken=null
--- !u!114 &1935606554
MonoBehaviour:
  m_ObjectHideFlags: 0
  m_PrefabParentObject: {fileID: 0}
  m_PrefabInternal: {fileID: 0}
  m_GameObject: {fileID: 1935606551}
  m_Enabled: 1
  m_EditorHideFlags: 0
  m_Script: {fileID: -765806418, guid: f70555f144d8491a825f0804e09c671c, type: 3}
  m_Name: 
  m_EditorClassIdentifier: 
  m_Material: {fileID: 0}
  m_Color: {r: 1, g: 1, b: 1, a: 1}
  m_RaycastTarget: 1
  m_OnCullStateChanged:
    m_PersistentCalls:
      m_Calls: []
    m_TypeName: UnityEngine.UI.MaskableGraphic+CullStateChangedEvent, UnityEngine.UI,
      Version=1.0.0.0, Culture=neutral, PublicKeyToken=null
  m_Sprite: {fileID: 10905, guid: 0000000000000000f000000000000000, type: 0}
  m_Type: 1
  m_PreserveAspect: 0
  m_FillCenter: 1
  m_FillMethod: 4
  m_FillAmount: 1
  m_FillClockwise: 1
  m_FillOrigin: 0
--- !u!222 &1935606555
CanvasRenderer:
  m_ObjectHideFlags: 0
  m_PrefabParentObject: {fileID: 0}
  m_PrefabInternal: {fileID: 0}
  m_GameObject: {fileID: 1935606551}
--- !u!1 &1950381721
GameObject:
  m_ObjectHideFlags: 0
  m_PrefabParentObject: {fileID: 0}
  m_PrefabInternal: {fileID: 0}
  serializedVersion: 5
  m_Component:
  - component: {fileID: 1950381722}
  - component: {fileID: 1950381724}
  - component: {fileID: 1950381723}
  m_Layer: 5
  m_Name: Text
  m_TagString: Untagged
  m_Icon: {fileID: 0}
  m_NavMeshLayer: 0
  m_StaticEditorFlags: 0
  m_IsActive: 1
--- !u!224 &1950381722
RectTransform:
  m_ObjectHideFlags: 0
  m_PrefabParentObject: {fileID: 0}
  m_PrefabInternal: {fileID: 0}
  m_GameObject: {fileID: 1950381721}
  m_LocalRotation: {x: 0, y: 0, z: 0, w: 1}
  m_LocalPosition: {x: 0, y: 0, z: 0}
  m_LocalScale: {x: 1, y: 1, z: 1}
  m_Children: []
  m_Father: {fileID: 677469710}
  m_RootOrder: 0
  m_LocalEulerAnglesHint: {x: 0, y: 0, z: 0}
  m_AnchorMin: {x: 0, y: 0}
  m_AnchorMax: {x: 1, y: 1}
  m_AnchoredPosition: {x: 0, y: 0}
  m_SizeDelta: {x: 0, y: 0}
  m_Pivot: {x: 0.5, y: 0.5}
--- !u!114 &1950381723
MonoBehaviour:
  m_ObjectHideFlags: 0
  m_PrefabParentObject: {fileID: 0}
  m_PrefabInternal: {fileID: 0}
  m_GameObject: {fileID: 1950381721}
  m_Enabled: 1
  m_EditorHideFlags: 0
  m_Script: {fileID: 708705254, guid: f70555f144d8491a825f0804e09c671c, type: 3}
  m_Name: 
  m_EditorClassIdentifier: 
  m_Material: {fileID: 0}
  m_Color: {r: 0.19607843, g: 0.19607843, b: 0.19607843, a: 1}
  m_RaycastTarget: 1
  m_OnCullStateChanged:
    m_PersistentCalls:
      m_Calls: []
    m_TypeName: UnityEngine.UI.MaskableGraphic+CullStateChangedEvent, UnityEngine.UI,
      Version=1.0.0.0, Culture=neutral, PublicKeyToken=null
  m_FontData:
    m_Font: {fileID: 10102, guid: 0000000000000000e000000000000000, type: 0}
    m_FontSize: 14
    m_FontStyle: 0
    m_BestFit: 0
    m_MinSize: 10
    m_MaxSize: 40
    m_Alignment: 4
    m_AlignByGeometry: 0
    m_RichText: 1
    m_HorizontalOverflow: 0
    m_VerticalOverflow: 0
    m_LineSpacing: 1
  m_Text: Give Ammo
--- !u!222 &1950381724
CanvasRenderer:
  m_ObjectHideFlags: 0
  m_PrefabParentObject: {fileID: 0}
  m_PrefabInternal: {fileID: 0}
  m_GameObject: {fileID: 1950381721}
--- !u!1 &2074792221
GameObject:
  m_ObjectHideFlags: 0
  m_PrefabParentObject: {fileID: 0}
  m_PrefabInternal: {fileID: 0}
  serializedVersion: 5
  m_Component:
  - component: {fileID: 2074792225}
  - component: {fileID: 2074792224}
  - component: {fileID: 2074792223}
  - component: {fileID: 2074792222}
  m_Layer: 5
  m_Name: Canvas
  m_TagString: UI
  m_Icon: {fileID: 0}
  m_NavMeshLayer: 0
  m_StaticEditorFlags: 0
  m_IsActive: 1
--- !u!114 &2074792222
MonoBehaviour:
  m_ObjectHideFlags: 0
  m_PrefabParentObject: {fileID: 0}
  m_PrefabInternal: {fileID: 0}
  m_GameObject: {fileID: 2074792221}
  m_Enabled: 1
  m_EditorHideFlags: 0
  m_Script: {fileID: 1301386320, guid: f70555f144d8491a825f0804e09c671c, type: 3}
  m_Name: 
  m_EditorClassIdentifier: 
  m_IgnoreReversedGraphics: 1
  m_BlockingObjects: 0
  m_BlockingMask:
    serializedVersion: 2
    m_Bits: 4294967295
--- !u!114 &2074792223
MonoBehaviour:
  m_ObjectHideFlags: 0
  m_PrefabParentObject: {fileID: 0}
  m_PrefabInternal: {fileID: 0}
  m_GameObject: {fileID: 2074792221}
  m_Enabled: 1
  m_EditorHideFlags: 0
  m_Script: {fileID: 1980459831, guid: f70555f144d8491a825f0804e09c671c, type: 3}
  m_Name: 
  m_EditorClassIdentifier: 
  m_UiScaleMode: 0
  m_ReferencePixelsPerUnit: 100
  m_ScaleFactor: 1
  m_ReferenceResolution: {x: 800, y: 600}
  m_ScreenMatchMode: 0
  m_MatchWidthOrHeight: 0
  m_PhysicalUnit: 3
  m_FallbackScreenDPI: 96
  m_DefaultSpriteDPI: 96
  m_DynamicPixelsPerUnit: 1
--- !u!223 &2074792224
Canvas:
  m_ObjectHideFlags: 0
  m_PrefabParentObject: {fileID: 0}
  m_PrefabInternal: {fileID: 0}
  m_GameObject: {fileID: 2074792221}
  m_Enabled: 1
  serializedVersion: 3
  m_RenderMode: 0
  m_Camera: {fileID: 0}
  m_PlaneDistance: 100
  m_PixelPerfect: 0
  m_ReceivesEvents: 1
  m_OverrideSorting: 0
  m_OverridePixelPerfect: 0
  m_SortingBucketNormalizedSize: 0
  m_AdditionalShaderChannelsFlag: 0
  m_SortingLayerID: 0
  m_SortingOrder: 0
  m_TargetDisplay: 0
--- !u!224 &2074792225
RectTransform:
  m_ObjectHideFlags: 0
  m_PrefabParentObject: {fileID: 0}
  m_PrefabInternal: {fileID: 0}
  m_GameObject: {fileID: 2074792221}
  m_LocalRotation: {x: 0, y: 0, z: 0, w: 1}
  m_LocalPosition: {x: 0, y: 0, z: 0}
  m_LocalScale: {x: 0, y: 0, z: 0}
  m_Children:
  - {fileID: 1331648194}
  - {fileID: 591111691}
  - {fileID: 677469710}
  - {fileID: 1935606552}
  m_Father: {fileID: 0}
  m_RootOrder: 7
  m_LocalEulerAnglesHint: {x: 0, y: 0, z: 0}
  m_AnchorMin: {x: 0, y: 0}
  m_AnchorMax: {x: 0, y: 0}
  m_AnchoredPosition: {x: 0, y: 0}
  m_SizeDelta: {x: 0, y: 0}
  m_Pivot: {x: 0, y: 0}
